{"Data": [
{"title": "Coles RSPCA Approved Chicken Drumsticks Large Pack | approx 1.6kg", "price": "$6.40", "price_calculation": "$4.00 per 1kg", "category": "Dropped & Locked"},
{"title": "Breathe Right Nasal Strips | 30 pack", "price": "$28.00", "price_calculation": "$0.93 per 1ea", "category": "Dropped & Locked"},
{"title": "Somat Gold Dishwashing Tablets | 51 pack", "price": "$21.00", "price_calculation": "$41.18 per 100ea", "category": "Dropped & Locked"},
{"title": "Somat Excellence Dishwashing Tablets | 45 pack", "price": "$21.00", "price_calculation": "$46.67 per 100ea", "category": "Dropped & Locked"},
{"title": "Elastoplast Sport Rigid Strapping Tape | 1 pack", "price": "$10.00", "price_calculation": "$10.00 per 1ea", "category": "Dropped & Locked"},
{"title": "Nurofen Cold & Flu Ibuprofen 200mg Tablets | 24 pack", "price": "$13.75", "price_calculation": "$0.57 per 1ea", "category": "Dropped & Locked"},
{"title": "Old El Paso Taco Sauce Mild | 200g", "price": "$4.00", "price_calculation": "$2.00 per 100g", "category": "Dropped & Locked"},
{"title": "Latina Fresh Beef Ravioli | 625g", "price": "$8.50", "price_calculation": "$1.36 per 100g", "category": "Dropped & Locked"},
{"title": "Sakata Plain Rice Crackers Gluten Free | 100g", "price": "$2.30", "price_calculation": "$2.30 per 100g", "category": "Dropped & Locked"},
{"title": "Sakata Seaweed Rice Crackers Gluten Free | 90g", "price": "$2.30", "price_calculation": "$2.56 per 100g", "category": "Dropped & Locked"},
{"title": "Popcorners Gluten Free Snacks Sweet & Salty | 85g", "price": "$3.00", "price_calculation": "$3.53 per 100g", "category": "Dropped & Locked"},
{"title": "Coles Turkish Rolls 4 pack | 400g", "price": "$2.80", "price_calculation": "$0.70 per 100g", "category": "Dropped & Locked"},
{"title": "Coles Beef 3 Star Regular Mince | 1kg", "price": "$12.00", "price_calculation": "$12.00 per 1kg", "category": "Dropped & Locked"},
{"title": "Tip Top Cafe Bread Raisin Toast | 650g", "price": "$5.00", "price_calculation": "$0.77 per 100g", "category": "Dropped & Locked"},
{"title": "Devondale Full Cream Milk | 2L", "price": "$3.95", "price_calculation": "$1.98 per 1L", "category": "Dropped & Locked"},
{"title": "Coles Beef Chuck Casserole Steak | approx 900g", "price": "$16.20", "price_calculation": "$18.00 per 1kg", "category": "Dropped & Locked"},
{"title": "Coles Pork Spare Ribs Rr 11X9 Large Tray | approx 800g", "price": "$14.40", "price_calculation": "$18.00 per 1kg", "category": "Dropped & Locked"},
{"title": "Coles Rindless Pan Sized Bacon | 200g", "price": "$5.00", "price_calculation": "$25.00 per 1kg", "category": "Dropped & Locked"},
{"title": "Coles Bacon Shortcut Rindless | 200g", "price": "$5.00", "price_calculation": "$25.00 per 1kg", "category": "Dropped & Locked"},
{"title": "Kellogg's Corn Flakes Breakfast Cereal | 380g", "price": "$4.25", "price_calculation": "$1.12 per 100g", "category": "Dropped & Locked"},
{"title": "Coles No Added Hormone Beef Oyster Blade Steak | 500g", "price": "$11.00", "price_calculation": "$22.00 per 1kg", "category": "Dropped & Locked"},
{"title": "Arnott's Raspberry Shortcake Biscuits | 250g", "price": "$3.00", "price_calculation": "$1.20 per 100g", "category": "Dropped & Locked"},
{"title": "Coles Pikelets 8 pack | 200g", "price": "$2.20", "price_calculation": "$1.10 per 100g", "category": "Dropped & Locked"},
{"title": "Coles Thawed Seafood Marinara Mix | approx 250g", "price": "$3.75", "price_calculation": "$15.00 per 1kg", "category": "Dropped & Locked"},
{"title": "Coles Bakery Stone Baked By Laurent Mini Olive Pane Di Casa | 1 each", "price": "$2.50", "price_calculation": "$2.50 per 1ea", "category": "Dropped & Locked"},
{"title": "Coles Bacon Streaky | 200g", "price": "$5.00", "price_calculation": "$25.00 per 1kg", "category": "Dropped & Locked"},
{"title": "Coles Lamb Whole Lamb Leg Roast | approx 2.8kg", "price": "$33.60", "price_calculation": "$12.00 per 1kg", "category": "Dropped & Locked"},
{"title": "Drovers Beef Mince Big Value Pack | approx 1.9kg", "price": "$21.85", "price_calculation": "$11.50 per 1kg", "category": "Dropped & Locked"},
{"title": "Coles Finest By Laurent White Sourdough Vienna | 1 pack", "price": "$6.50", "price_calculation": "$6.50 per 1ea", "category": "Dropped & Locked"},
{"title": "Arnott's Shortbread Cream Biscuits | 250g", "price": "$3.00", "price_calculation": "$1.20 per 100g", "category": "Dropped & Locked"},
{"title": "Arnott's Lemon Crisp Biscuits | 250g", "price": "$3.00", "price_calculation": "$1.20 per 100g", "category": "Dropped & Locked"},
{"title": "Coles Bakery Stone Baked Mini White Pane Di Casa | 1 each", "price": "$2.50", "price_calculation": "$2.50 per 1ea", "category": "Dropped & Locked"},
{"title": "Red Rock Deli Sweet Chilli & Sour Cream Potato Chips | 290g", "price": "$6.00", "price_calculation": "$2.07 per 100g", "category": "Dropped & Locked"},
{"title": "Coles Squeezie Strawberry Yoghurt Pouch | 70g", "price": "$0.75", "price_calculation": "$1.07 per 100g", "category": "Dropped & Locked"},
{"title": "Doritos Cheese Supreme Corn Chips Sharepack | 380g", "price": "$6.00", "price_calculation": "$1.58 per 100g", "category": "Dropped & Locked"},
{"title": "Coles Bakery Mixed Biscuit Tray | 24 pack", "price": "$6.00", "price_calculation": "$0.25 per 1ea", "category": "Dropped & Locked"},
{"title": "Smith's Crinkle Original Potato Chips | 380g", "price": "$6.00", "price_calculation": "$1.58 per 100g", "category": "Dropped & Locked"},
{"title": "Arnott's Monte Carlo Biscuits | 250g", "price": "$3.00", "price_calculation": "$1.20 per 100g", "category": "Dropped & Locked"},
{"title": "Devondale Moo Chocolate Flavoured Multipack Milk 200mL | 6 pack", "price": "$5.90", "price_calculation": "$4.92 per 1L", "category": "Dropped & Locked"},
{"title": "Coles Asia Premium Thai Coconut Mil | 400mL", "price": "$2.00", "price_calculation": "$0.50 per 100mL", "category": "Dropped & Locked"},
{"title": "Coles Bakery Stone Baked By Laurent Mini White Sourdough Vienna | 1 each", "price": "$2.50", "price_calculation": "$2.50 per 1ea", "category": "Dropped & Locked"},
{"title": "Steggles Frozen Tempura Chicken Breast Nuggets | 400g", "price": "$4.95", "price_calculation": "$12.38 per 1kg", "category": "Dropped & Locked"},
{"title": "Coles Beef Diced                                                                                                                      | 500g", "price": "$11.00", "price_calculation": "$22.00 per 1kg", "category": "Dropped & Locked"},
{"title": "Coles RSPCA Approved Chicken Mixed Portions Southern Fried | approx 1.3kg", "price": "$15.60", "price_calculation": "$12.00 per 1kg", "category": "Dropped & Locked"},
{"title": "Red Rock Deli Honey Soy Chicken Party Bag Potato Chips | 290g", "price": "$6.00", "price_calculation": "$2.07 per 100g", "category": "Dropped & Locked"},
{"title": "Coles Chocolate Chip Muffin Bars | 420g", "price": "$5.25", "price_calculation": "$1.25 per 100g", "category": "Dropped & Locked"},
{"title": "Cadbury Milk Chocolate Baking Chips | 200g", "price": "$3.50", "price_calculation": "$1.75 per 100g", "category": "Dropped & Locked"},
{"title": "Oreo Original Cookies Family Pack  | 370g", "price": "$4.50", "price_calculation": "$1.22 per 100g", "category": "Dropped & Locked"},
{"title": "Coles Turkish Pide | 400g", "price": "$2.80", "price_calculation": "$0.70 per 100g", "category": "Dropped & Locked"},
{"title": "McCain Pub Style Extra Crispy Fries | 750g", "price": "$4.80", "price_calculation": "$6.40 per 1kg", "category": "Dropped & Locked"},
{"title": "Smith's Crinkle Cut Salt And Vinegar Potato Chips | 380g", "price": "$6.00", "price_calculation": "$1.58 per 100g", "category": "Dropped & Locked"},
{"title": "Sakata Wholegrain Original Rice Crackers | 90g", "price": "$2.30", "price_calculation": "$2.56 per 100g", "category": "Dropped & Locked"},
{"title": "Coles Rapid Tablets Ibuprofen | 24pack", "price": "$4.50", "price_calculation": "$0.19 per 1ea", "category": "Dropped & Locked"},
{"title": "Coles Squeezie Blueberry Yoghurt Pouch | 70g", "price": "$0.75", "price_calculation": "$1.07 per 100g", "category": "Dropped & Locked"},
{"title": "Coles Bakery Stone Baked By Laurent Mini Pumpkin & Soybean Pane Di Casa | 1 each", "price": "$2.50", "price_calculation": "$2.50 per 1ea", "category": "Dropped & Locked"},
{"title": "Coles Bakery Flatbread White | 6 pack", "price": "$4.00", "price_calculation": "$0.67 per 1ea", "category": "Bakery"},
{"title": "Coles Full Cream Milk | 3L", "price": "$4.50", "price_calculation": "$1.50 per 1L", "category": "Dairy, Eggs & Fridge"},
{"title": "Cadbury Mini Rolls Chocolate 5pack | 115g", "price": "$3.00", "price_calculation": "$2.61 per 100g", "category": "Bakery"},
{"title": "Farmers Union Iced Coffee | 2L", "price": "$5.00", "price_calculation": "$2.50 per 1L", "category": "Dairy, Eggs & Fridge"},
{"title": "Cadbury Milk Chocolate Cake Bars | 105g", "price": "$3.00", "price_calculation": "$2.86 per 100g", "category": "Bakery"},
{"title": "Dare Iced Coffee Espresso Flavoured Milk | 500mL", "price": "$2.90", "price_calculation": "$5.80 per 1L", "category": "Dairy, Eggs & Fridge"},
{"title": "Tip Top The One White Sandwich Bread | 700g", "price": "$4.40", "price_calculation": "$0.63 per 100g", "category": "Bakery"},
{"title": "Big M Iced Coffee Flavoured Milk | 2L", "price": "$5.00", "price_calculation": "$2.50 per 1L", "category": "Dairy, Eggs & Fridge"},
{"title": "Cadbury Raspberry Mini Rolls 5 pack | 130g", "price": "$3.00", "price_calculation": "$2.31 per 100g", "category": "Bakery"},
{"title": "Latina Fresh Beef Ravioli | 625g", "price": "$8.50", "price_calculation": "$1.36 per 100g", "category": "Dairy, Eggs & Fridge"},
{"title": "Cadbury Caramel Cake Bars | 105g", "price": "$3.00", "price_calculation": "$2.86 per 100g", "category": "Bakery"},
{"title": "Latina Fresh Creamy Sundried Tomato Pasta Sauce | 425g", "price": "$6.50", "price_calculation": "$1.53 per 100g", "category": "Dairy, Eggs & Fridge"},
{"title": "Abbott's Bakery Country Grains Bread | 800g", "price": "$4.90", "price_calculation": "$0.61 per 100g", "category": "Bakery"},
{"title": "Latina Fresh Creamy Carbonara Pasta Sauce | 425g", "price": "$6.50", "price_calculation": "$1.53 per 100g", "category": "Dairy, Eggs & Fridge"},
{"title": "Abbott's Bakery Light Rye Bread | 680g", "price": "$4.90", "price_calculation": "$0.72 per 100g", "category": "Bakery"},
{"title": "Latina Fresh Italian Tomato & Garlic Pasta Sauce | 425g", "price": "$6.50", "price_calculation": "$1.53 per 100g", "category": "Dairy, Eggs & Fridge"},
{"title": "Tip Top The One Wholemeal Sandwich Bread | 700g", "price": "$4.40", "price_calculation": "$0.63 per 100g", "category": "Bakery"},
{"title": "Latina Fresh Ricotta & Spinach Agnolotti | 625g", "price": "$8.50", "price_calculation": "$1.36 per 100g", "category": "Dairy, Eggs & Fridge"},
{"title": "Tip Top 9 Grain Original Bread | 700g", "price": "$4.40", "price_calculation": "$0.63 per 100g", "category": "Bakery"},
{"title": "Latina Fresh Roast Chicken & Garlic Ravioli | 625g", "price": "$8.50", "price_calculation": "$1.36 per 100g", "category": "Dairy, Eggs & Fridge"},
{"title": "Abbott's Bakery Rustic White Bread | 700g", "price": "$4.90", "price_calculation": "$0.70 per 100g", "category": "Bakery"},
{"title": "Latina Fresh Beef Bolognese | 425g", "price": "$6.50", "price_calculation": "$1.53 per 100g", "category": "Dairy, Eggs & Fridge"},
{"title": "Wonder White Bread Wholemeal Plus Iron | 700g", "price": "$4.40", "price_calculation": "$0.63 per 100g", "category": "Bakery"},
{"title": "Coles Full Cream Milk | 2L", "price": "$3.10", "price_calculation": "$1.55 per 1L", "category": "Dairy, Eggs & Fridge"},
{"title": "Western Star Traditional Spreadable Butter Blend | 500g", "price": "$6.00", "price_calculation": "$1.20 per 100g", "category": "Bakery"},
{"title": "Coles Eggs Free Range 12 Pack | 700g", "price": "$5.20", "price_calculation": "$0.74 per 100g", "category": "Dairy, Eggs & Fridge"},
{"title": "Coles Bakery Flatbread Wholemeal | 6 pack", "price": "$4.00", "price_calculation": "$0.67 per 1ea", "category": "Bakery"},
{"title": "Betty Crocker Creamy Deluxe Milk Chocolate Frosting | 400g", "price": "$4.50", "price_calculation": "$1.13 per 100g", "category": "Dairy, Eggs & Fridge"},
{"title": "Coles Bakery Croissants 3 Pack | 189g", "price": "$2.85", "price_calculation": "$1.51 per 100g", "category": "Bakery"},
{"title": "Coles Lite Reduced Fat | 2L", "price": "$3.10", "price_calculation": "$1.55 per 1L", "category": "Dairy, Eggs & Fridge"},
{"title": "Coles White Bread | 650g", "price": "$2.40", "price_calculation": "$0.37 per 100g", "category": "Bakery"},
{"title": "Coles Cage Free Eggs 12 Pack | 700g", "price": "$4.60", "price_calculation": "$0.66 per 100g", "category": "Dairy, Eggs & Fridge"},
{"title": "Tip Top Original English Muffins 6 Pack | 400g", "price": "$3.00", "price_calculation": "$0.75 per 100g", "category": "Bakery"},
{"title": "Primo Short Cut Bacon | approx 250g", "price": "$3.75", "price_calculation": "$15.00 per 1kg", "category": "Dairy, Eggs & Fridge"},
{"title": "Coles RSPCA Approved Chicken Breast Fillets Large Pack | approx 1.4kg", "price": "$15.40", "price_calculation": "$11.00 per 1kg", "category": "Meat & Seafood"},
{"title": "Tip Top The One White Toast Bread | 700g", "price": "$4.40", "price_calculation": "$0.63 per 100g", "category": "Bakery"},
{"title": "Coles Lite Reduced Fat Milk | 3L", "price": "$4.50", "price_calculation": "$1.50 per 1L", "category": "Dairy, Eggs & Fridge"},
{"title": "Tassal Salmon Portions Skin On | 300g", "price": "$14.00", "price_calculation": "$46.67 per 1kg", "category": "Meat & Seafood"},
{"title": "Coles Bakery Super Soft Round Rolls | 6 pack", "price": "$2.50", "price_calculation": "$0.42 per 1ea", "category": "Bakery"},
{"title": "Coles Dairy Full Cream Milk | 1L", "price": "$1.60", "price_calculation": "$1.60 per 1L", "category": "Dairy, Eggs & Fridge"},
{"title": "Tassal Fresh Tassie Salmon Portions Skin Off | 300g", "price": "$15.00", "price_calculation": "$50.00 per 1kg", "category": "Meat & Seafood"},
{"title": "Coles High Fibre Wholemeal Bread | 700g", "price": "$3.50", "price_calculation": "$0.50 per 100g", "category": "Bakery"},
{"title": "Vogel's Hazelnut Honey And Cinnamon Crunchy Clusters | 450g", "price": "$5.50", "price_calculation": "$1.22 per 100g", "category": "Dairy, Eggs & Fridge"},
{"title": "Tassal Salmon Portions Mustard And Dill | 300g", "price": "$14.00", "price_calculation": "$46.67 per 1kg", "category": "Meat & Seafood"},
{"title": "Coles Soft Wholemeal Sandwich Loaf | 650g", "price": "$2.70", "price_calculation": "$0.42 per 100g", "category": "Bakery"},
{"title": "A2 Dairy Full Cream Milk | 2L", "price": "$6.60", "price_calculation": "$3.30 per 1L", "category": "Dairy, Eggs & Fridge"},
{"title": "Huon Premium Cold Smoked Salmon | 100g", "price": "$10.50", "price_calculation": "$105.00 per 1kg", "category": "Meat & Seafood"},
{"title": "Coles Bakery Pancakes | 5 pack", "price": "$4.00", "price_calculation": "$0.80 per 1ea", "category": "Bakery"},
{"title": "Coles Australian Full Cream Long Life Milk | 1L", "price": "$1.60", "price_calculation": "$1.60 per 1L", "category": "Dairy, Eggs & Fridge"},
{"title": "Coles Beef 4 Star Lean Mince | 500g", "price": "$9.50", "price_calculation": "$19.00 per 1kg", "category": "Meat & Seafood"},
{"title": "Helga's Traditional Wholemeal Bread | 750g", "price": "$4.90", "price_calculation": "$0.65 per 100g", "category": "Bakery"},
{"title": "Coles Eggs Free Range 12 pack | 600g", "price": "$4.80", "price_calculation": "$0.80 per 100g", "category": "Dairy, Eggs & Fridge"},
{"title": "Coles RSPCA Approved Chicken Breast Fillets Small Pack | approx 600g", "price": "$7.80", "price_calculation": "$13.00 per 1kg", "category": "Meat & Seafood"},
{"title": "Coles Bakery Croissants 4 Pack | 168g", "price": "$2.85", "price_calculation": "$1.70 per 100g", "category": "Bakery"},
{"title": "Primo Australian Short Cut Bacon | 200g", "price": "$7.00", "price_calculation": "$35.00 per 1kg", "category": "Dairy, Eggs & Fridge"},
{"title": "Old El Paso Regular Tortillas Fajita 6 Pack | 240g", "price": "$4.00", "price_calculation": "$1.67 per 100g", "category": "Meat & Seafood"},
{"title": "Coles Turkish Rolls 4 pack | 400g", "price": "$2.80", "price_calculation": "$0.70 per 100g", "category": "Bakery"},
{"title": "Western Star Traditional Spreadable Butter Blend | 500g", "price": "$6.00", "price_calculation": "$1.20 per 100g", "category": "Dairy, Eggs & Fridge"},
{"title": "Pampas Frozen Puff Pastry Sheets 6 pieces | 1kg", "price": "$5.20", "price_calculation": "$0.52 per 100g", "category": "Meat & Seafood"},
{"title": "Coles Bakery Stone Baked By Laurent Pane Di Casa | 1 each", "price": "$4.00", "price_calculation": "$4.00 per 1ea", "category": "Bakery"},
{"title": "Coles Jumbo Free Range Eggs 12 Pack | 800g", "price": "$5.80", "price_calculation": "$0.73 per 100g", "category": "Dairy, Eggs & Fridge"},
{"title": "Coles Deli RSPCA Approved Chicken Breast Fillets | approx 300g", "price": "$3.00", "price_calculation": "$10.00 per 1kg", "category": "Meat & Seafood"},
{"title": "Coles Soft White Toast Loaf | 650g", "price": "$2.70", "price_calculation": "$0.42 per 100g", "category": "Bakery"},
{"title": "Coles Thickened Cream | 600mL", "price": "$4.50", "price_calculation": "$0.75 per 100mL", "category": "Dairy, Eggs & Fridge"},
{"title": "Coles RSPCA Approved Chicken Drumsticks Large Pack | approx 1.6kg", "price": "$6.40", "price_calculation": "$4.00 per 1kg", "category": "Meat & Seafood"},
{"title": "Coles Bakery Super Soft White Toast Loaf | 680g", "price": "$2.70", "price_calculation": "$0.40 per 100g", "category": "Bakery"},
{"title": "Sara Lee Frozen Sticky Date Pudding | 475g", "price": "$4.00", "price_calculation": "$0.84 per 100g", "category": "Dairy, Eggs & Fridge"},
{"title": "Coles Deli Fresh Tasmanian Salmon Portions Skin On | approx 200g", "price": "$6.60", "price_calculation": "$33.00 per 1kg", "category": "Meat & Seafood"},
{"title": "Wonder White Bread + Vitamins Toast | 700g", "price": "$4.40", "price_calculation": "$0.63 per 100g", "category": "Bakery"},
{"title": "Coles Garlic Bread Twin Pack | 450g", "price": "$2.30", "price_calculation": "$0.51 per 100g", "category": "Dairy, Eggs & Fridge"},
{"title": "Coles Beef 5 Star Extra Lean Mince | 500g", "price": "$10.50", "price_calculation": "$21.00 per 1kg", "category": "Meat & Seafood"},
{"title": "Tip Top Cafe Bread Raisin Toast | 650g", "price": "$5.00", "price_calculation": "$0.77 per 100g", "category": "Bakery"},
{"title": "Coles Thickened Cream | 300mL", "price": "$2.80", "price_calculation": "$0.93 per 100mL", "category": "Dairy, Eggs & Fridge"},
{"title": "Coles RSPCA Approved Chicken Thigh Fillets Large Pack | approx 1.2kg", "price": "$16.20", "price_calculation": "$13.50 per 1kg", "category": "Meat & Seafood"},
{"title": "Coles Bakery Vegemite Scroll | 1 each", "price": "$2.50", "price_calculation": "$2.50 per 1ea", "category": "Bakery"},
{"title": "Pampas Frozen Puff Pastry Sheets 6 pieces | 1kg", "price": "$5.20", "price_calculation": "$0.52 per 100g", "category": "Dairy, Eggs & Fridge"},
{"title": "Sunbites Multipack Crackers Mix 12 Pack | 288g", "price": "$5.50", "price_calculation": "$1.91 per 100g", "category": "Pantry"},
{"title": "Coles Beef 3 Star Regular Mince | 1kg", "price": "$12.00", "price_calculation": "$12.00 per 1kg", "category": "Meat & Seafood"},
{"title": "Coles Bakery Super Soft White Sandwich Loaf | 680g", "price": "$2.70", "price_calculation": "$0.40 per 100g", "category": "Bakery"},
{"title": "Pura Multi Nutrient Full Cream Milk | 2L", "price": "$4.10", "price_calculation": "$2.05 per 1L", "category": "Dairy, Eggs & Fridge"},
{"title": "Nestle KitKat Milk Chocolate Block | 170g", "price": "$2.75", "price_calculation": "$1.62 per 100g", "category": "Pantry"},
{"title": "Coles Tasmanian Salmon Portions Skin On | 460g", "price": "$15.00", "price_calculation": "$32.61 per 1kg", "category": "Meat & Seafood"},
{"title": "Coles Bakery Rustic Rolls  | 4 pack", "price": "$3.75", "price_calculation": "$0.94 per 1ea", "category": "Bakery"},
{"title": "Yakult Gluten Free Fermented Milk Drink 10 pack | 65mL", "price": "$7.70", "price_calculation": "$11.85 per 1L", "category": "Dairy, Eggs & Fridge"},
{"title": "Nestle Aero Peppermint Chocolate Block | 118g", "price": "$2.75", "price_calculation": "$2.33 per 100g", "category": "Pantry"},
{"title": "Coles RSPCA Approved Whole Chicken Roast | 1 each", "price": "$12.00", "price_calculation": "$12.00 per 1ea", "category": "Deli"},
{"title": "Coles RSPCA Approved Chicken Thigh Fillets Small Pack | approx 700g", "price": "$10.50", "price_calculation": "$15.00 per 1kg", "category": "Meat & Seafood"},
{"title": "Coles Iced Donuts  | 6 pack", "price": "$3.80", "price_calculation": "$0.63 per 1ea", "category": "Bakery"},
{"title": "Coles Lite Milk Bottle | 1L", "price": "$1.60", "price_calculation": "$1.60 per 1L", "category": "Dairy, Eggs & Fridge"},
{"title": "Nestle Crunch Chocolate Block | 200g", "price": "$2.75", "price_calculation": "$1.38 per 100g", "category": "Pantry"},
{"title": "Primo Manuka Honey Bacon | 175g", "price": "$5.00", "price_calculation": "$28.57 per 1kg", "category": "Deli"},
{"title": "Coles RSPCA Approved Medium Whole Chicken | approx 1.65kg", "price": "$8.25", "price_calculation": "$5.00 per 1kg", "category": "Meat & Seafood"},
{"title": "Golden Crumpet Square 6 pack | 425g", "price": "$3.50", "price_calculation": "$0.58 per 1ea", "category": "Bakery"},
{"title": "Farmers Union Greek Style Natural Yoghurt | 1kg", "price": "$6.00", "price_calculation": "$0.60 per 100g", "category": "Dairy, Eggs & Fridge"},
{"title": "Kellogg's Nutri-Grain Protein Breakfast Cereal | 765g", "price": "$7.50", "price_calculation": "$0.98 per 100g", "category": "Pantry"},
{"title": "Primo Australian Made Middle Bacon | 200g", "price": "$7.00", "price_calculation": "$35.00 per 1kg", "category": "Deli"},
{"title": "Coles Deli Thawed Raw Black Tiger Prawns | approx 250g", "price": "$7.25", "price_calculation": "$29.00 per 1kg", "category": "Meat & Seafood"},
{"title": "Tip Top Raisin Toast Bread | 520g", "price": "$5.20", "price_calculation": "$1.00 per 100g", "category": "Bakery"},
{"title": "A2 Light Milk | 2L", "price": "$6.60", "price_calculation": "$3.30 per 1L", "category": "Dairy, Eggs & Fridge"},
{"title": "Maggi 2 Minute Chicken Flavour Noodles 5 Pack | 360g", "price": "$5.00", "price_calculation": "$1.39 per 100g", "category": "Pantry"},
{"title": "Primo Australian Short Cut Bacon | 200g", "price": "$7.00", "price_calculation": "$35.00 per 1kg", "category": "Deli"},
{"title": "Coles Pork & Beef 3 Star Mince Bolognese | 500g", "price": "$6.50", "price_calculation": "$13.00 per 1kg", "category": "Meat & Seafood"},
{"title": "Coles Bakery Super Soft Hamburger Rolls | 6 pack", "price": "$2.50", "price_calculation": "$0.42 per 1ea", "category": "Bakery"},
{"title": "A2 Full Cream Milk | 3L", "price": "$9.80", "price_calculation": "$3.27 per 1L", "category": "Dairy, Eggs & Fridge"},
{"title": "Pringles Sour Cream & Onion Potato Chips | 134g", "price": "$2.50", "price_calculation": "$1.87 per 100g", "category": "Pantry"},
{"title": "Coles Deli RSPCA Approved Chicken Breast Fillets | approx 300g", "price": "$3.00", "price_calculation": "$10.00 per 1kg", "category": "Deli"},
{"title": "Coles Beef 4 Star Lean Mince | 800g", "price": "$13.00", "price_calculation": "$16.25 per 1kg", "category": "Meat & Seafood"},
{"title": "Coles Brioche Hamburger Buns 4 Pack | 200g", "price": "$3.80", "price_calculation": "$1.90 per 100g", "category": "Bakery"},
{"title": "Coles Cage Free Eggs 18 Pack | 900g", "price": "$6.70", "price_calculation": "$0.84 per 100g", "category": "Dairy, Eggs & Fridge"},
{"title": "Pringles Original Salted Stacked Potato Chips | 134g", "price": "$2.50", "price_calculation": "$1.87 per 100g", "category": "Pantry"},
{"title": "Coles Deli Fresh Tasmanian Salmon Portions Skin On | approx 200g", "price": "$6.60", "price_calculation": "$33.00 per 1kg", "category": "Deli"},
{"title": "Coles RSPCA Approved Free Range Chicken Breast Large Pack | approx 1.25kg", "price": "$17.50", "price_calculation": "$14.00 per 1kg", "category": "Meat & Seafood"},
{"title": "Helga's Mixed Grain Bread | 850g", "price": "$4.90", "price_calculation": "$0.58 per 100g", "category": "Bakery"},
{"title": "Pauls Farmhouse Gold Full Cream Milk | 1.5L", "price": "$4.20", "price_calculation": "$2.80 per 1L", "category": "Dairy, Eggs & Fridge"},
{"title": "Coles Italian Diced Tomatoes | 400g", "price": "$1.10", "price_calculation": "$2.75 per 1kg", "category": "Pantry"},
{"title": "Primo Champagne Ham From the Deli | approx 100g", "price": "$2.00", "price_calculation": "$20.00 per 1kg", "category": "Deli"},
{"title": "Coles Free Range RSPCA Approved Chicken Drumsticks | approx 1.4kg", "price": "$8.40", "price_calculation": "$6.00 per 1kg", "category": "Meat & Seafood"},
{"title": "Coles Pain Au Chocolate | 220g", "price": "$4.00", "price_calculation": "$1.82 per 100g", "category": "Bakery"},
{"title": "Coles Cheese Shredded Tasty | 700g", "price": "$10.00", "price_calculation": "$14.29 per 1kg", "category": "Dairy, Eggs & Fridge"},
{"title": "Grainwaves Sour Cream & Chives Wholegrain Chips | 170g", "price": "$2.40", "price_calculation": "$1.41 per 100g", "category": "Pantry"},
{"title": "Coles Deli Thawed Raw Black Tiger Prawns | approx 250g", "price": "$7.25", "price_calculation": "$29.00 per 1kg", "category": "Deli"},
{"title": "Coles Deli RSPCA Approved Chicken Thigh Fillets | approx 150g", "price": "$2.02", "price_calculation": "$13.50 per 1kg", "category": "Meat & Seafood"},
{"title": "Coles Bakery French Stick | 1 each", "price": "$1.90", "price_calculation": "$1.90 per 1ea", "category": "Bakery"},
{"title": "Sunny Queen Free Range Large Eggs 18 pack | 900g", "price": "$9.90", "price_calculation": "$1.10 per 100g", "category": "Dairy, Eggs & Fridge"},
{"title": "Arnott's Original Savoy Crackers | 225g", "price": "$3.00", "price_calculation": "$1.33 per 100g", "category": "Pantry"},
{"title": "Don White Hungarian Salami | approx 100g", "price": "$3.45", "price_calculation": "$34.50 per 1kg", "category": "Deli"},
{"title": "Coles Beef Chuck Casserole Steak | approx 900g", "price": "$16.20", "price_calculation": "$18.00 per 1kg", "category": "Meat & Seafood"},
{"title": "Coles Mini Chocolate Chip Muffins | 9 Pack", "price": "$4.70", "price_calculation": "$0.52 per 1ea", "category": "Bakery"},
{"title": "Devondale Full Cream Milk | 3L", "price": "$5.95", "price_calculation": "$1.98 per 1L", "category": "Dairy, Eggs & Fridge"},
{"title": "Sanitarium Weet-Bix Breakfast Cereal | 1.2kg", "price": "$6.00", "price_calculation": "$0.50 per 100g", "category": "Pantry"},
{"title": "Don Deli Melosi Leg Ham | approx 100g", "price": "$2.50", "price_calculation": "$25.00 per 1kg", "category": "Deli"},
{"title": "Coles Extra Lean Pork Mince | 500g", "price": "$7.00", "price_calculation": "$14.00 per 1kg", "category": "Meat & Seafood"},
{"title": "Wholemeal Toast Loaf | 680g", "price": "$2.70", "price_calculation": "$0.40 per 100g", "category": "Bakery"},
{"title": "Coles Greek Style Natural Yoghurt | 1kg", "price": "$4.40", "price_calculation": "$0.44 per 100g", "category": "Dairy, Eggs & Fridge"},
{"title": "Kettle Chilli Potato Chips | 165 gram", "price": "$3.00", "price_calculation": "$1.82 per 100g", "category": "Pantry"},
{"title": "Primo Middle Bacon Rind On | approx 100g", "price": "$1.50", "price_calculation": "$15.00 per 1kg", "category": "Deli"},
{"title": "Coles Tasmanian Salmon Portions Skin Off | 460g", "price": "$17.50", "price_calculation": "$38.04 per 1kg", "category": "Meat & Seafood"},
{"title": "Coles Raisin Toast | 560g", "price": "$3.00", "price_calculation": "$0.54 per 100g", "category": "Bakery"},
{"title": "Pura Full Cream Milk | 3L", "price": "$5.90", "price_calculation": "$1.97 per 1L", "category": "Dairy, Eggs & Fridge"},
{"title": "Nestle KitKat Milk Chocolate Bar | 45g", "price": "$2.20", "price_calculation": "$4.89 per 100g", "category": "Pantry"},
{"title": "Primo Short Cut Bacon | approx 250g", "price": "$3.75", "price_calculation": "$15.00 per 1kg", "category": "Deli"},
{"title": "Coles Deli Thawed Raw Peeled Prawn Meat | approx 250g", "price": "$7.50", "price_calculation": "$30.00 per 1kg", "category": "Meat & Seafood"},
{"title": "Coles Bakery Sesame French Stick | 1 each", "price": "$1.90", "price_calculation": "$1.90 per 1ea", "category": "Bakery"},
{"title": "Devondale Full Cream Milk | 2L", "price": "$3.95", "price_calculation": "$1.98 per 1L", "category": "Dairy, Eggs & Fridge"},
{"title": "Indomie Fried Mi Goreng Instant Noodles 5 Pack  | 85g", "price": "$3.95", "price_calculation": "$0.93 per 100g", "category": "Pantry"},
{"title": "Bertocchi Natural Hickory Smoked Leg Ham | approx 100g", "price": "$2.95", "price_calculation": "$29.50 per 1kg", "category": "Deli"},
{"title": "Coles RSPCA Approved Free Range Chicken Wing Nibbles | approx 600g", "price": "$4.20", "price_calculation": "$7.00 per 1kg", "category": "Meat & Seafood"},
{"title": "Helga's Light Rye Bread | 680g", "price": "$4.90", "price_calculation": "$0.72 per 100g", "category": "Bakery"},
{"title": "Coles Free Range Eggs 6 Pack | 300g", "price": "$3.50", "price_calculation": "$1.17 per 100g", "category": "Dairy, Eggs & Fridge"},
{"title": "Arnott's Shapes Original BBQ Cracker Biscuits | 175g", "price": "$2.75", "price_calculation": "$1.57 per 100g", "category": "Pantry"},
{"title": "Coles Deli Don Kabana | 1 each", "price": "$4.20", "price_calculation": "$4.20 per 1ea", "category": "Deli"},
{"title": "Coles Pork Spare Ribs Rr 11X9 Large Tray | approx 800g", "price": "$14.40", "price_calculation": "$18.00 per 1kg", "category": "Meat & Seafood"},
{"title": "Coles Bakery Stone Baked White Sourdough Vienna | 1 each", "price": "$5.00", "price_calculation": "$5.00 per 1ea", "category": "Bakery"},
{"title": "Coles Sour Cream | 300g", "price": "$3.25", "price_calculation": "$1.08 per 100g", "category": "Dairy, Eggs & Fridge"},
{"title": "Pringles BBQ Stacked Potato Chips | 134g", "price": "$2.50", "price_calculation": "$1.87 per 100g", "category": "Pantry"},
{"title": "Don Virginian Leg Ham Sliced | approx 100g", "price": "$2.70", "price_calculation": "$27.00 per 1kg", "category": "Deli"},
{"title": "Coles No Added Hormone Beef Porterhouse Steak 2 Pack | 450g", "price": "$16.00", "price_calculation": "$35.56 per 1kg", "category": "Meat & Seafood"},
{"title": "Coles Bakery Vietnamese Rolls | 6 pack", "price": "$2.50", "price_calculation": "$0.42 per 1ea", "category": "Bakery"},
{"title": "Western Star Original Salted Butter | 250g", "price": "$4.80", "price_calculation": "$1.92 per 100g", "category": "Dairy, Eggs & Fridge"},
{"title": "Doritos Corn Chips Supreme Cheese Share Pack | 170g", "price": "$3.35", "price_calculation": "$1.97 per 100g", "category": "Pantry"},
{"title": "Coles Deli RSPCA Approved Chicken Thigh Fillets | approx 150g", "price": "$2.02", "price_calculation": "$13.50 per 1kg", "category": "Deli"},
{"title": "Coles RSPCA Approved Free Range Chicken Thigh Large Pack | approx 1.25kg", "price": "$20.62", "price_calculation": "$16.50 per 1kg", "category": "Meat & Seafood"},
{"title": "Coles English Muffins 6 Pack | 400g", "price": "$2.90", "price_calculation": "$0.73 per 100g", "category": "Bakery"},
{"title": "Devondale Full Cream Long Life Milk | 1L", "price": "$2.20", "price_calculation": "$2.20 per 1L", "category": "Dairy, Eggs & Fridge"},
{"title": "Coles Ultimate Cookies 40% Chocolate Chip | 400g", "price": "$4.00", "price_calculation": "$1.00 per 100g", "category": "Pantry"},
{"title": "Lilydale Chicken Sage & Onion Roast | 1 each", "price": "$13.00", "price_calculation": "$13.00 per 1ea", "category": "Deli"},
{"title": "Lilydale Free Range Chicken Breast Fillets Bulk Pack  | approx 1kg", "price": "$15.00", "price_calculation": "$15.00 per 1kg", "category": "Meat & Seafood"},
{"title": "A2 Full Cream Milk | 1L", "price": "$3.80", "price_calculation": "$3.80 per 1L", "category": "Dairy, Eggs & Fridge"},
{"title": "Snickers Chocolate Bar Peanuts Caramel Nougat | 44g", "price": "$2.00", "price_calculation": "$4.55 per 100g", "category": "Pantry"},
{"title": "Coles Deli Thawed Raw Peeled Prawn Meat | approx 250g", "price": "$7.50", "price_calculation": "$30.00 per 1kg", "category": "Deli"},
{"title": "Coles Deli Thawed Arrow Squid Rings | approx 250g", "price": "$1.75", "price_calculation": "$7.00 per 1kg", "category": "Meat & Seafood"},
{"title": "Bega Dairy Natural Tasty Cheese Slices 30 Pack | 500g", "price": "$10.50", "price_calculation": "$21.00 per 1kg", "category": "Dairy, Eggs & Fridge"},
{"title": "Maltesers Milk Chocolate Snack & Share Bag | 140g", "price": "$2.50", "price_calculation": "$1.79 per 100g", "category": "Pantry"},
{"title": "Primo Deli Express Chicken Frankfurt | 750g", "price": "$7.40", "price_calculation": "$9.87 per 1kg", "category": "Deli"},
{"title": "Coles Lamb Shanks 2 pack | approx 775g", "price": "$10.07", "price_calculation": "$13.00 per 1kg", "category": "Meat & Seafood"},
{"title": "Great Ocean Road Fresh Full Cream Milk | 2L", "price": "$4.70", "price_calculation": "$2.35 per 1L", "category": "Dairy, Eggs & Fridge"},
{"title": "Kettle Sea Salt Potato Chips | 165g", "price": "$3.00", "price_calculation": "$1.82 per 100g", "category": "Pantry"},
{"title": "Bertocchi Triple Smoked Leg Ham | approx 100g", "price": "$3.40", "price_calculation": "$34.00 per 1kg", "category": "Deli"},
{"title": "Coles No Added Hormone Beef Oyster Blade Steak | 500g", "price": "$11.00", "price_calculation": "$22.00 per 1kg", "category": "Meat & Seafood"},
{"title": "Pace Farm Free Range Natural Living Extra Large Eggs 12 pack | 700g", "price": "$7.15", "price_calculation": "$1.02 per 100g", "category": "Dairy, Eggs & Fridge"},
{"title": "Twisties Cheese | 90g", "price": "$2.70", "price_calculation": "$3.00 per 100g", "category": "Pantry"},
{"title": "Coles Deli Thawed Arrow Squid Rings | approx 250g", "price": "$1.75", "price_calculation": "$7.00 per 1kg", "category": "Deli"},
{"title": "Coles Australian Full Cream Long Life Milk | 1L", "price": "$1.60", "price_calculation": "$1.60 per 1L", "category": "Drinks"},
{"title": "Coles Thawed Seafood Marinara Mix | approx 250g", "price": "$3.75", "price_calculation": "$15.00 per 1kg", "category": "Meat & Seafood"},
{"title": "Pura Light Start Low Fat Multi Nutrient Milk | 2L", "price": "$4.50", "price_calculation": "$2.25 per 1L", "category": "Dairy, Eggs & Fridge"},
{"title": "Kettle Honey Soy Chicken Potato Chips | 165g", "price": "$3.00", "price_calculation": "$1.82 per 100g", "category": "Pantry"},
{"title": "Coles Rindless Pan Sized Bacon | 200g", "price": "$5.00", "price_calculation": "$25.00 per 1kg", "category": "Deli"},
{"title": "Coca-Cola Cola Soft Drink 24x375mL | 24 pack", "price": "$20.00", "price_calculation": "$2.22 per 1L", "category": "Drinks"},
{"title": "Coles Deli RSPCA Approved Chicken Breast Chunks | approx 250g", "price": "$2.50", "price_calculation": "$10.00 per 1kg", "category": "Meat & Seafood"},
{"title": "Coles Australian Lite Long Life Milk | 1L", "price": "$1.60", "price_calculation": "$1.60 per 1L", "category": "Dairy, Eggs & Fridge"},
{"title": "Mars Chocolate Bar with Nougat & Caramel | 47g", "price": "$2.00", "price_calculation": "$4.26 per 100g", "category": "Pantry"},
{"title": "Coles Bacon Shortcut Rindless | 200g", "price": "$5.00", "price_calculation": "$25.00 per 1kg", "category": "Deli"},
{"title": "Coca-Cola Zero Sugar Soft Drink Multipack Cans 24x375mL | 24 pack", "price": "$20.00", "price_calculation": "$2.22 per 1L", "category": "Drinks"},
{"title": "Fresh Bananas | approx 180g", "price": "$0.72", "price_calculation": "$4.00 per 1kg", "category": "Fruit & Vegetables"},
{"title": "Coles Deli Fresh Tasmanian Salmon Portions Skin Off | approx 250g", "price": "$9.00", "price_calculation": "$36.00 per 1kg", "category": "Meat & Seafood"},
{"title": "Farmers Union Greek Style Strawberry Yoghurt Pouch | 130g", "price": "$1.20", "price_calculation": "$0.92 per 100g", "category": "Dairy, Eggs & Fridge"},
{"title": "Coles White Plain Flour | 1Kg", "price": "$1.25", "price_calculation": "$1.25 per 1kg", "category": "Pantry"},
{"title": "Coles Thawed Seafood Marinara Mix | approx 250g", "price": "$3.75", "price_calculation": "$15.00 per 1kg", "category": "Deli"},
{"title": "Mount Franklin Sparkling Water Cans Passionfruit 6X250mL | 6 pack", "price": "$5.80", "price_calculation": "$3.87 per 1L", "category": "Drinks"},
{"title": "Coles Hass Avocados | 1 each", "price": "$1.50", "price_calculation": "$1.50 per 1ea", "category": "Fruit & Vegetables"},
{"title": "Coles Deli Thawed Basa Fillets | approx 200g", "price": "$1.80", "price_calculation": "$9.00 per 1kg", "category": "Meat & Seafood"},
{"title": "Josh's Rainbow Free Range Eggs 12 Pack | 700g", "price": "$7.90", "price_calculation": "$1.13 per 100g", "category": "Dairy, Eggs & Fridge"},
{"title": "Kettle Sea Salt & Vinegar Potato Chips | 165g", "price": "$3.00", "price_calculation": "$1.82 per 100g", "category": "Pantry"},
{"title": "Coles Deli Hot Hungarian Don Salami | approx 100g", "price": "$3.45", "price_calculation": "$34.50 per 1kg", "category": "Deli"},
{"title": "Kirks Lemonade Soft Drink 10x375mL | 10 Pack", "price": "$6.95", "price_calculation": "$1.85 per 1L", "category": "Drinks"},
{"title": "Old El Paso Hard N Soft Taco Kit Mexican Style | 350g", "price": "$6.65", "price_calculation": "$1.90 per 100g", "category": "Fruit & Vegetables"},
{"title": "Coles RSPCA Approved Extra Large Whole Chicken | approx 2.4kg", "price": "$12.00", "price_calculation": "$5.00 per 1kg", "category": "Meat & Seafood"},
{"title": "Sunny Queen Free Range Extra Large Eggs 12 pack | 700g", "price": "$7.20", "price_calculation": "$1.03 per 100g", "category": "Dairy, Eggs & Fridge"},
{"title": "Arnott's Salada Original Crispbread | 250g", "price": "$3.00", "price_calculation": "$1.20 per 100g", "category": "Pantry"},
{"title": "Coles Deli RSPCA Approved Chicken Breast Chunks | approx 250g", "price": "$2.50", "price_calculation": "$10.00 per 1kg", "category": "Deli"},
{"title": "Kirks Drink Pasito Sugar Free 10x375mL | 10 pack", "price": "$6.95", "price_calculation": "$1.85 per 1L", "category": "Drinks"},
{"title": "Coles Carrots Prepacked 1Kg | 1 each", "price": "$1.40", "price_calculation": "$1.40 per 1kg", "category": "Fruit & Vegetables"},
{"title": "Coles Butcher Lamb Loin Chops | approx 500g", "price": "$10.00", "price_calculation": "$20.00 per 1kg", "category": "Meat & Seafood"},
{"title": "Coles Tasty Cheese Slices 24 Pack | 500g", "price": "$8.60", "price_calculation": "$17.20 per 1kg", "category": "Dairy, Eggs & Fridge"},
{"title": "Campbell's Real Stock Chicken Stock Salt Reduced | 1L", "price": "$2.25", "price_calculation": "$0.23 per 100mL", "category": "Pantry"},
{"title": "Coles Deli Fresh Tasmanian Salmon Portions Skin Off | approx 250g", "price": "$9.00", "price_calculation": "$36.00 per 1kg", "category": "Deli"},
{"title": "Kirks Zero Sugar Orange Soft Drink Cans 10x375ml | 10 pack", "price": "$6.95", "price_calculation": "$1.85 per 1L", "category": "Drinks"},
{"title": "Coles Broccoli | approx 340g", "price": "$0.99", "price_calculation": "$2.90 per 1kg", "category": "Fruit & Vegetables"},
{"title": "Coles Deli RSPCA Approved Chicken Drumsticks | approx 160g", "price": "$0.72", "price_calculation": "$4.50 per 1kg", "category": "Meat & Seafood"},
{"title": "Sanitarium So Good Long Life Regular Soy Milk | 1L", "price": "$2.20", "price_calculation": "$2.20 per 1L", "category": "Dairy, Eggs & Fridge"},
{"title": "Coles Italian Passata Sauce | 700g", "price": "$1.55", "price_calculation": "$0.22 per 100g", "category": "Pantry"},
{"title": "Coles Bacon Streaky | 200g", "price": "$5.00", "price_calculation": "$25.00 per 1kg", "category": "Deli"},
{"title": "Pepsi Max Soft Drink 375mL | 30 pack", "price": "$23.00", "price_calculation": "$2.04 per 1L", "category": "Drinks"},
{"title": "Coles Imperial Mandarins Medium | approx 80g", "price": "$0.28", "price_calculation": "$3.50 per 1kg", "category": "Fruit & Vegetables"},
{"title": "Coles Deli Thawed Australian MSC Raw Banana Prawns | approx 250g", "price": "$5.50", "price_calculation": "$22.00 per 1kg", "category": "Meat & Seafood"},
{"title": "Bulla Thickened Cream | 300mL", "price": "$3.50", "price_calculation": "$1.17 per 100mL", "category": "Dairy, Eggs & Fridge"},
{"title": "Coles White Sugar | 2kg", "price": "$2.20", "price_calculation": "$0.11 per 100g", "category": "Pantry"},
{"title": "Steggles Roasted Turkey Breast From The Deli | approx 100g", "price": "$2.85", "price_calculation": "$28.50 per 1kg", "category": "Deli"},
{"title": "Solo Lemon Soft Drink | 30 pack", "price": "$23.00", "price_calculation": "$2.04 per 1L", "category": "Drinks"},
{"title": "Coles Raspberries | 125g", "price": "$5.00", "price_calculation": "$40.00 per 1kg", "category": "Fruit & Vegetables"},
{"title": "Coles Butcher Lamb Forequarter Chops | approx 1.177kg", "price": "$17.66", "price_calculation": "$15.00 per 1kg", "category": "Meat & Seafood"},
{"title": "Coles Mozzarella Shredded Cheese | 700g", "price": "$11.00", "price_calculation": "$15.71 per 1kg", "category": "Dairy, Eggs & Fridge"},
{"title": "Oreo Original Cookies | 133g", "price": "$1.75", "price_calculation": "$1.32 per 100g", "category": "Pantry"},
{"title": "Coles Deli Thawed Basa Fillets | approx 200g", "price": "$1.80", "price_calculation": "$9.00 per 1kg", "category": "Deli"},
{"title": "Nestle Milo Chocolate Malt Powder Drink Hot Or Cold | 1kg", "price": "$12.00", "price_calculation": "$1.20 per 100g", "category": "Drinks"},
{"title": "Coles Continental Cucumbers Loose | 1 each", "price": "$2.20", "price_calculation": "$2.20 per 1ea", "category": "Fruit & Vegetables"},
{"title": "Coles Deli Thawed Barramundi Fillets | approx 350g", "price": "$5.95", "price_calculation": "$17.00 per 1kg", "category": "Meat & Seafood"},
{"title": "Coles Australian Skim Long Life Milk | 1L", "price": "$1.60", "price_calculation": "$1.60 per 1L", "category": "Dairy, Eggs & Fridge"},
{"title": "Red Rock Deli Potato Chips Sweet Chilli And Sour Cream | 165g", "price": "$6.30", "price_calculation": "$3.82 per 100g", "category": "Pantry"},
{"title": "Don Skinless Thin Frankfurt's | approx 100g", "price": "$1.37", "price_calculation": "$13.70 per 1kg", "category": "Deli"},
{"title": "Coles Spring Water 24X600Ml | 24 pack", "price": "$6.40", "price_calculation": "$0.44 per 1L", "category": "Drinks"},
{"title": "Coles Green Zucchini | approx 260g", "price": "$1.01", "price_calculation": "$3.90 per 1kg", "category": "Fruit & Vegetables"},
{"title": "Kinder Bueno Chocolate Bar | 43g", "price": "$1.00", "price_calculation": "$2.33 per 100g", "category": "Pantry"},
{"title": "Coles Deli RSPCA Approved Chicken Drumsticks | approx 160g", "price": "$0.72", "price_calculation": "$4.50 per 1kg", "category": "Deli"},
{"title": "Coles Soda Water | 1.25L", "price": "$0.90", "price_calculation": "$0.72 per 1L", "category": "Drinks"},
{"title": "Coles Red Seedless Grapes | approx 800g", "price": "$3.60", "price_calculation": "$4.50 per 1kg", "category": "Fruit & Vegetables"},
{"title": "Coles Chick Peas | 420g", "price": "$1.00", "price_calculation": "$2.38 per 1kg", "category": "Pantry"},
{"title": "Coles Deli Thawed Australian MSC Raw Banana Prawns | approx 250g", "price": "$5.50", "price_calculation": "$22.00 per 1kg", "category": "Deli"},
{"title": "Coles Natural Mineral Water | 1.25L", "price": "$0.90", "price_calculation": "$0.72 per 1L", "category": "Drinks"},
{"title": "Coles Red Capsicum | approx 200g", "price": "$1.18", "price_calculation": "$5.90 per 1kg", "category": "Fruit & Vegetables"},
{"title": "Kettle Sweet Chilli & Sour Cream Potato Chips | 165 gram", "price": "$3.00", "price_calculation": "$1.82 per 100g", "category": "Pantry"},
{"title": "Coles Deli Thawed Barramundi Fillets | approx 350g", "price": "$5.95", "price_calculation": "$17.00 per 1kg", "category": "Deli"},
{"title": "Coles Natural Spring Water | 1.5L", "price": "$0.80", "price_calculation": "$0.53 per 1L", "category": "Drinks"},
{"title": "Coles Field Tomatoes Loose | approx 110g", "price": "$0.87", "price_calculation": "$7.90 per 1kg", "category": "Fruit & Vegetables"},
{"title": "Arnott's Scotch Finger Biscuits | 250g", "price": "$3.30", "price_calculation": "$1.32 per 100g", "category": "Pantry"},
{"title": "Thomson'S Deli English Style Ham Quad Pack | 400g", "price": "$5.50", "price_calculation": "$13.75 per 1kg", "category": "Deli"},
{"title": "Coca-Cola Classic Soft Drink Bottle | 2L", "price": "$3.50", "price_calculation": "$1.75 per 1L", "category": "Drinks"},
{"title": "Fresh Strawberries Prepacked | 250g", "price": "$6.00", "price_calculation": "$24.00 per 1kg", "category": "Fruit & Vegetables"},
{"title": "Ritz Original Crackers | 227g", "price": "$2.80", "price_calculation": "$1.23 per 100g", "category": "Pantry"},
{"title": "Thomson's Deli Supreme Chicken Breast | approx 100g", "price": "$2.00", "price_calculation": "$20.00 per 1kg", "category": "Deli"},
{"title": "Devondale Full Cream Long Life Milk | 1L", "price": "$2.20", "price_calculation": "$2.20 per 1L", "category": "Drinks"},
{"title": "Coles Cauliflower Medium | 1 each", "price": "$2.50", "price_calculation": "$2.50 per 1ea", "category": "Fruit & Vegetables"},
{"title": "Thomson's Deli Honey Ham Sliced Quad Pack | 400g", "price": "$5.50", "price_calculation": "$13.75 per 1kg", "category": "Deli"},
{"title": "Nudie Pulp Oranges Juice Chilled | 2L", "price": "$6.80", "price_calculation": "$3.40 per 1L", "category": "Drinks"},
{"title": "Coles White Seedless Grapes Loose | approx 800g", "price": "$3.52", "price_calculation": "$4.40 per 1kg", "category": "Fruit & Vegetables"},
{"title": "Coles Silverside | approx 100g", "price": "$2.20", "price_calculation": "$22.00 per 1kg", "category": "Deli"},
{"title": "Pepsi Max Cola Soft Drink Bottle | 1.25L", "price": "$1.70", "price_calculation": "$1.36 per 1L", "category": "Drinks"},
{"title": "Fresh Brown Onions Loose | approx 180g", "price": "$0.67", "price_calculation": "$3.70 per 1kg", "category": "Fruit & Vegetables"},
{"title": "Coles Deli Fresh West Australian Barramundi Portions Skin On | approx 200g", "price": "$6.50", "price_calculation": "$32.50 per 1kg", "category": "Deli"},
{"title": "Coles Australian Lite Long Life Milk | 1L", "price": "$1.60", "price_calculation": "$1.60 per 1L", "category": "Drinks"},
{"title": "Coles Greenhouse Truss Tomatoes | approx 140g", "price": "$1.39", "price_calculation": "$9.90 per 1kg", "category": "Fruit & Vegetables"},
{"title": "Jarlsberg Regular Cheese Sliced/Shaved | approx 100g", "price": "$2.65", "price_calculation": "$26.50 per 1kg", "category": "Deli"},
{"title": "Nudie Pulp Free Oranges Juice Chilled | 2L", "price": "$6.80", "price_calculation": "$3.40 per 1L", "category": "Drinks"},
{"title": "Coles Seedless Watermelon Cut | approx1.99 kg", "price": "$5.77", "price_calculation": "$2.90 per 1kg", "category": "Fruit & Vegetables"},
{"title": "Coles Deli Thawed Cooked Vannamei Prawns | approx 250g", "price": "$4.50", "price_calculation": "$18.00 per 1kg", "category": "Deli"},
{"title": "Sanitarium So Good Long Life Regular Soy Milk | 1L", "price": "$2.20", "price_calculation": "$2.20 per 1L", "category": "Drinks"},
{"title": "Coles Sweet Gold Potatoes Loose | approx 350g", "price": "$1.57", "price_calculation": "$4.50 per 1kg", "category": "Fruit & Vegetables"},
{"title": "Coles Deli Thawed Australian Cooked Black Tiger Prawns Large | approx 250g", "price": "$8.00", "price_calculation": "$32.00 per 1kg", "category": "Deli"},
{"title": "Coca-Cola Classic Soft Drink Bottle | 600mL", "price": "$3.20", "price_calculation": "$5.33 per 1L", "category": "Drinks"},
{"title": "Coles Cherry Tomatoes Prepacked | 250g", "price": "$2.50", "price_calculation": "$10.00 per 1kg", "category": "Fruit & Vegetables"},
{"title": "Coles English Sliced Ham | 100g", "price": "$2.30", "price_calculation": "$23.00 per 1kg", "category": "Deli"},
{"title": "Coles Australian Skim Long Life Milk | 1L", "price": "$1.60", "price_calculation": "$1.60 per 1L", "category": "Drinks"},
{"title": "Coles Medium Navel Oranges | approx 180g", "price": "$0.52", "price_calculation": "$2.90 per 1kg", "category": "Fruit & Vegetables"},
{"title": "Primo Spanish Style Chorizos | 1 each", "price": "$3.80", "price_calculation": "$3.80 per 1ea", "category": "Deli"},
{"title": "Coles Natural Spring Water 350mL | 24 pack", "price": "$6.40", "price_calculation": "$0.76 per 1L", "category": "Drinks"},
{"title": "Coles Grape Perino Tomatoes Prepacked | 200g", "price": "$4.50", "price_calculation": "$22.50 per 1kg", "category": "Fruit & Vegetables"},
{"title": "Primo Short Cut Bacon | 1 kg", "price": "$18.90", "price_calculation": "$18.90 per 1kg", "category": "Deli"},
{"title": "Mount Franklin Spring Water Bottle | 600mL", "price": "$2.10", "price_calculation": "$3.50 per 1L", "category": "Drinks"},
{"title": "Coles Fresh Loose Cup Mushrooms | approx 200g", "price": "$2.50", "price_calculation": "$12.50 per 1kg", "category": "Fruit & Vegetables"},
{"title": "Coles Deli Thawed Raw Whole Gulf Squid | approx 250g", "price": "$5.25", "price_calculation": "$21.00 per 1kg", "category": "Deli"},
{"title": "Coles Apple Juice | 2L", "price": "$2.80", "price_calculation": "$1.40 per 1L", "category": "Drinks"},
{"title": "Coles Packham Pears | approx 240g", "price": "$0.67", "price_calculation": "$2.80 per 1kg", "category": "Fruit & Vegetables"},
{"title": "McCain Frozen Hash Browns | 750g", "price": "$4.50", "price_calculation": "$6.00 per 1kg", "category": "Frozen"},
{"title": "Don Leg Shaved Ham | 200g", "price": "$3.20", "price_calculation": "$16.00 per 1kg", "category": "Deli"},
{"title": "Lipton Black Tea Bags | 100 Pack", "price": "$2.90", "price_calculation": "$0.03 per 1ea", "category": "Drinks"},
{"title": "Coles Brown Onions | 1kg", "price": "$3.50", "price_calculation": "$3.50 per 1kg", "category": "Fruit & Vegetables"},
{"title": "Gym Bod Cookies And Cream | 475mL", "price": "$9.00", "price_calculation": "$1.89 per 100mL", "category": "Frozen"},
{"title": "Primo Red Gum Honey Leg Ham | approx 100g", "price": "$3.00", "price_calculation": "$30.00 per 1kg", "category": "Deli"},
{"title": "Powerade ION4 Mountain Blast Sports Drink Sipper Cap | 600mL", "price": "$2.30", "price_calculation": "$3.83 per 1L", "category": "Drinks"},
{"title": "Coles Lebanese Cucumbers | approx 210g", "price": "$1.16", "price_calculation": "$5.50 per 1kg", "category": "Fruit & Vegetables"},
{"title": "Gym Bod Peanut Butter Salted Caramel | 475mL", "price": "$9.00", "price_calculation": "$1.89 per 100mL", "category": "Frozen"},
{"title": "Coles Full Cream Milk Powder | 1kg", "price": "$10.00", "price_calculation": "$1.00 per 100g", "category": "Drinks"},
{"title": "Coles Pink Lady Apples | approx 200g", "price": "$1.18", "price_calculation": "$5.90 per 1kg", "category": "Fruit & Vegetables"},
{"title": "Gym Bod Chocolate Pudding | 475mL", "price": "$9.00", "price_calculation": "$1.89 per 100mL", "category": "Frozen"},
{"title": "Coca-Cola Zero Sugar Soft Drink Bottle | 600mL", "price": "$3.20", "price_calculation": "$5.33 per 1L", "category": "Drinks"},
{"title": "Coles Red Onion 1 Kg | 1kg", "price": "$3.00", "price_calculation": "$3.00 per 1kg", "category": "Fruit & Vegetables"},
{"title": "Streets Blue Ribbon Vanilla Ice Cream Tub | 2L", "price": "$7.00", "price_calculation": "$0.35 per 100mL", "category": "Frozen"},
{"title": "Coca-Cola Zero Sugar Soft Drink Bottle | 2L", "price": "$3.50", "price_calculation": "$1.75 per 1L", "category": "Drinks"},
{"title": "Coles Spring Onions | 1 bunch", "price": "$2.80", "price_calculation": "$2.80 per 1ea", "category": "Fruit & Vegetables"},
{"title": "Streets Magnum Luxe Caramel Ego Ice Cream 4 Pack | 388mL", "price": "$11.50", "price_calculation": "$2.96 per 100mL", "category": "Frozen"},
{"title": "Pepsi Max Soft Drink | 2L", "price": "$3.00", "price_calculation": "$1.50 per 1L", "category": "Drinks"},
{"title": "Coles Black Grapes | approx 800g", "price": "$2.54", "price_calculation": "$3.90 per 1kg", "category": "Fruit & Vegetables"},
{"title": "Streets Golden Gaytime Ice Cream Sticks 4 pack | 400mL", "price": "$10.00", "price_calculation": "$2.50 per 100mL", "category": "Frozen"},
{"title": "Raw C Pure Natural Coconut Water | 1L", "price": "$5.50", "price_calculation": "$5.50 per 1L", "category": "Drinks"},
{"title": "Coles Creme Gold Washed Potatoes Loose | approx140g", "price": "$0.63", "price_calculation": "$4.50 per 1kg", "category": "Fruit & Vegetables"},
{"title": "Mars Chocolate Smooth Creamy Ice Bar 6 Pack | 295mL", "price": "$9.00", "price_calculation": "$3.05 per 100mL", "category": "Frozen"},
{"title": "Coles Lactose Free UHT Low Fat Milk | 1L", "price": "$2.00", "price_calculation": "$2.00 per 1L", "category": "Drinks"},
{"title": "Coles Mini Pack Mandarins | 850g", "price": "$2.50", "price_calculation": "$2.94 per 1kg", "category": "Fruit & Vegetables"},
{"title": "Snickers Creamy Ice Bar 6 Pack | 300mL", "price": "$9.00", "price_calculation": "$3.00 per 100mL", "category": "Frozen"},
{"title": "Coca-Cola Coke Soft Drink | 30 Pack", "price": "$40.65", "price_calculation": "$3.61 per 1L", "category": "Drinks"},
{"title": "Coles Afourer Mandarins | approx 130g", "price": "$0.46", "price_calculation": "$3.50 per 1kg", "category": "Fruit & Vegetables"},
{"title": "McCain Pub Style Extra Crispy Fries | 750g", "price": "$4.80", "price_calculation": "$6.40 per 1kg", "category": "Frozen"},
{"title": "Pump Spring Water Bottle | 750mL", "price": "$2.75", "price_calculation": "$3.67 per 1L", "category": "Drinks"},
{"title": "Coles Blackberries Prepacked | 125g", "price": "$5.00", "price_calculation": "$40.00 per 1kg", "category": "Fruit & Vegetables"},
{"title": "Birds Eye Southern Blue Whiting Fillets | 1kg", "price": "$16.50", "price_calculation": "$16.50 per 1kg", "category": "Frozen"},
{"title": "Vitasoy UHT Oat Milk | 1L", "price": "$3.30", "price_calculation": "$3.30 per 1L", "category": "Drinks"},
{"title": "Coles Green Beans loose | approx 200g", "price": "$1.58", "price_calculation": "$7.90 per 1kg", "category": "Fruit & Vegetables"},
{"title": "Coles Frozen Potato Chips Straight Cut | 1kg", "price": "$3.70", "price_calculation": "$3.70 per 1kg", "category": "Frozen"},
{"title": "Powerade ION4 Berry Ice Sports Drink Sipper Cap | 600mL", "price": "$2.30", "price_calculation": "$3.83 per 1L", "category": "Drinks"},
{"title": "Coles Iceberg Lettuce | 1 each", "price": "$3.90", "price_calculation": "$3.90 per 1ea", "category": "Fruit & Vegetables"},
{"title": "Coles Frozen Potato Chips French Fries | 1kg", "price": "$3.70", "price_calculation": "$3.70 per 1kg", "category": "Frozen"},
{"title": "Bonsoy Soy Milk | 1L", "price": "$4.90", "price_calculation": "$4.90 per 1L", "category": "Drinks"},
{"title": "Coles Green Capsicum Loose | approx 250g", "price": "$1.48", "price_calculation": "$5.90 per 1kg", "category": "Fruit & Vegetables"},
{"title": "Coles Frozen Fruit Mixed Berries | 500g", "price": "$6.20", "price_calculation": "$12.40 per 1kg", "category": "Frozen"},
{"title": "Coles Lactose Free Long Life Full Cream Milk | 1L", "price": "$2.00", "price_calculation": "$2.00 per 1L", "category": "Drinks"},
{"title": "Coles Carrots Loose | approx 170g", "price": "$0.42", "price_calculation": "$2.50 per 1kg", "category": "Fruit & Vegetables"},
{"title": "Pampas Frozen Puff Pastry Sheets 6 pieces | 1kg", "price": "$5.20", "price_calculation": "$0.52 per 100g", "category": "Frozen"},
{"title": "Pepsi Max Cola | 600mL", "price": "$3.80", "price_calculation": "$6.33 per 1L", "category": "Drinks"},
{"title": "Coles Blueberries Prepacked | 125g", "price": "$6.90", "price_calculation": "$55.20 per 1kg", "category": "Fruit & Vegetables"},
{"title": "Coles Frozen Potato Royals Oven Fry | 1kg", "price": "$4.90", "price_calculation": "$4.90 per 1kg", "category": "Frozen"},
{"title": "Vitasoy Unsweetened Almond UHT Milk 1L | 1L", "price": "$3.30", "price_calculation": "$3.30 per 1L", "category": "Drinks"},
{"title": "Coles Baby Broccoli | 1 each", "price": "$3.50", "price_calculation": "$3.50 per 1ea", "category": "Fruit & Vegetables"},
{"title": "Coles Frozen Carrots Corn & Peas | 1kg", "price": "$4.50", "price_calculation": "$4.50 per 1kg", "category": "Frozen"},
{"title": "Coles Diet Lemonade Soft Drink | 1.25L", "price": "$0.90", "price_calculation": "$0.72 per 1L", "category": "Drinks"},
{"title": "Coles Red Onions Loose | approx 200g", "price": "$0.88", "price_calculation": "$4.40 per 1kg", "category": "Fruit & Vegetables"},
{"title": "Coles Frozen Australian Peas | 1kg", "price": "$3.80", "price_calculation": "$3.80 per 1kg", "category": "Frozen"},
{"title": "Coca-Cola Zero Sugar Soft Drink Multipack Cans 30x375mL | 30 Pack", "price": "$40.65", "price_calculation": "$3.61 per 1L", "category": "Drinks"},
{"title": "Coles Baby Cucumbers | 250g", "price": "$3.50", "price_calculation": "$14.00 per 1kg", "category": "Fruit & Vegetables"},
{"title": "I&J Raw Prawns Tail Off | 500g", "price": "$24.00", "price_calculation": "$48.00 per 1kg", "category": "Frozen"},
{"title": "Coles Drink Soy Regular | 1L", "price": "$1.15", "price_calculation": "$1.15 per 1L", "category": "Drinks"},
{"title": "Coles Washed Potatoes | 2kg", "price": "$7.50", "price_calculation": "$3.75 per 1kg", "category": "Fruit & Vegetables"},
{"title": "Coles Frozen Potato Chips Crinkle Cut | 1kg", "price": "$3.70", "price_calculation": "$3.70 per 1kg", "category": "Frozen"},
{"title": "Coles Water 12x600mL | 12 pack", "price": "$3.20", "price_calculation": "$0.44 per 1L", "category": "Drinks"},
{"title": "McCormick Produce Partner Italia Roast Potatoes | 40g", "price": "$1.80", "price_calculation": "$4.50 per 100g", "category": "Fruit & Vegetables"},
{"title": "Natures Nutrients Frozen Chopped Spinach | 250g", "price": "$1.00", "price_calculation": "$4.00 per 1kg", "category": "Frozen"},
{"title": "Daily Juice Pulp Free No Added Sugar Orange Juice | 2L", "price": "$5.00", "price_calculation": "$2.50 per 1L", "category": "Drinks"},
{"title": "Coles Wrapped Butternut Pumpkin | approx 700g", "price": "$1.40", "price_calculation": "$2.00 per 1kg", "category": "Fruit & Vegetables"},
{"title": "Coles Frozen Fruit Blueberries | 500g", "price": "$6.20", "price_calculation": "$12.40 per 1kg", "category": "Frozen"},
{"title": "Twinings English Breakfast Tea Bags 100 pack | 200g", "price": "$13.50", "price_calculation": "$0.14 per 1ea", "category": "Drinks"},
{"title": "Coles Baby Gem Lettuce | 3 pack", "price": "$3.50", "price_calculation": "$1.17 per 1ea", "category": "Fruit & Vegetables"},
{"title": "Coles Frozen Peas | 1kg", "price": "$2.70", "price_calculation": "$2.70 per 1kg", "category": "Frozen"},
{"title": "Original Juice Co. Black Label Pulp Free Chilled Orange Juice | 1.5L", "price": "$6.00", "price_calculation": "$4.00 per 1L", "category": "Drinks"},
{"title": "Coles Royal Gala Apples Loose | approx 160g", "price": "$0.94", "price_calculation": "$5.90 per 1kg", "category": "Fruit & Vegetables"},
{"title": "Coles Frozen Broccoli Florets | 500g", "price": "$3.80", "price_calculation": "$7.60 per 1kg", "category": "Frozen"},
{"title": "V Energy Drink Can | 250mL", "price": "$2.35", "price_calculation": "$9.40 per 1L", "category": "Drinks"},
{"title": "Coles Frozen Cut Beans | 1kg", "price": "$3.70", "price_calculation": "$3.70 per 1kg", "category": "Frozen"},
{"title": "Coles Orange Juice | 2L", "price": "$2.80", "price_calculation": "$1.40 per 1L", "category": "Drinks"},
{"title": "Coles Frozen Corn Kernels | 1kg", "price": "$4.50", "price_calculation": "$4.50 per 1kg", "category": "Frozen"},
{"title": "Sanitarium So Good Long Life Unsweetened Almond Milk | 1L", "price": "$2.90", "price_calculation": "$2.90 per 1L", "category": "Drinks"},
{"title": "Coles Beer Battered Steakhouse Chips | 750g", "price": "$4.20", "price_calculation": "$5.60 per 1kg", "category": "Frozen"},
{"title": "Coles Frozen Baby Peas | 500g", "price": "$3.00", "price_calculation": "$6.00 per 1kg", "category": "Frozen"},
{"title": "Coles Frozen Australian Potato Chunky Wedges | 750g", "price": "$4.20", "price_calculation": "$5.60 per 1kg", "category": "Frozen"},
{"title": "Coles Frozen Fruit Raspberries | 500g", "price": "$7.00", "price_calculation": "$14.00 per 1kg", "category": "Frozen"},
{"title": "I&J Raw Prawns Tail On | 500g", "price": "$24.00", "price_calculation": "$48.00 per 1kg", "category": "Frozen"},
{"title": "Birds Eye Golden Crunch Potato Gems | 900g", "price": "$6.50", "price_calculation": "$7.22 per 1kg", "category": "Frozen"},
{"title": "Coles Snap Frozen Vegetable Mix | 1kg", "price": "$4.50", "price_calculation": "$4.50 per 1kg", "category": "Frozen"},
{"title": "Coles Frozen Fruit Sliced Strawberries | 500g", "price": "$6.20", "price_calculation": "$12.40 per 1kg", "category": "Frozen"},
{"title": "Hersheys Milk Chocolate Ice Cream | 1L", "price": "$9.00", "price_calculation": "$0.90 per 100mL", "category": "Frozen"},
{"title": "I&J Raw Prawns Extra Large Tail On | 500g", "price": "$27.00", "price_calculation": "$54.00 per 1kg", "category": "Frozen"},
{"title": "Nanna's Frozen Golden & Crispy Snack Apple Pies | 450g", "price": "$4.00", "price_calculation": "$0.89 per 100g", "category": "Frozen"},
{"title": "Birds Eye Frozen Fish Fillets With Original  Crumb Oven Bake 6 pack | 425g", "price": "$5.25", "price_calculation": "$12.35 per 1kg", "category": "Frozen"},
{"title": "Peters Drumstick Minis Vanilla Ice Cream 6 pack | 490mL", "price": "$9.50", "price_calculation": "$1.94 per 100mL", "category": "Frozen"},
{"title": "Coles Frozen Chicken Breast Nuggets  | 400g", "price": "$4.40", "price_calculation": "$11.00 per 1kg", "category": "Frozen"},
{"title": "Marathon Frozen Dim Sims | 1.5kg", "price": "$9.50", "price_calculation": "$0.63 per 100g", "category": "Frozen"},
{"title": "Coles Frozen Peas | 500g", "price": "$2.50", "price_calculation": "$5.00 per 1kg", "category": "Frozen"},
{"title": "Coles Frozen Onions Chopped | 500g", "price": "$2.70", "price_calculation": "$5.40 per 1kg", "category": "Frozen"},
{"title": "Creative Gourmet Frozen Blueberries | 300g", "price": "$5.65", "price_calculation": "$18.83 per 1kg", "category": "Frozen"},
{"title": "Quilton 3 Ply White Toilet Paper | 20 pack", "price": "$11.00", "price_calculation": "$0.31 per 100ea", "category": "Household"},
{"title": "Coles Vegetable Spring Rolls 16 Pack | 270g", "price": "$1.85", "price_calculation": "$0.69 per 100g", "category": "Frozen"},
{"title": "Finish Ultimate Pro Dishwashing Tablets Lemon | 46 pack", "price": "$27.00", "price_calculation": "$0.59 per 1ea", "category": "Household"},
{"title": "Steggles Frozen Tempura Chicken Breast Nuggets | 400g", "price": "$4.95", "price_calculation": "$12.38 per 1kg", "category": "Frozen"},
{"title": "Finish Regular Rinse Aid For Drier & Shinier Dishes | 250mL", "price": "$4.00", "price_calculation": "$1.60 per 100mL", "category": "Household"},
{"title": "Peters Drumstick Vanilla Ice Cream 4 pack | 475mL", "price": "$9.50", "price_calculation": "$2.00 per 100mL", "category": "Frozen"},
{"title": "Radiant Mixed Colours Laundry Liquid Washing Detergent | 2L", "price": "$10.00", "price_calculation": "$5.00 per 1L", "category": "Household"},
{"title": "Birds Eye Frozen Fish Fillets With Original Lightly Battered Oven Bake 6 Pack | 425g", "price": "$5.25", "price_calculation": "$12.35 per 1kg", "category": "Frozen"},
{"title": "Dettol Healthy Clean Antibacterial & Disinfectant Kitchen Surface Spray | 500mL", "price": "$4.00", "price_calculation": "$0.80 per 100mL", "category": "Household"},
{"title": "Coles Frozen Sweet Potato Chips | 750g", "price": "$6.00", "price_calculation": "$8.00 per 1kg", "category": "Frozen"},
{"title": "Dettol Healthy Clean Antibacterial Bathroom Cleaner Trigger Spray | 500mL", "price": "$4.00", "price_calculation": "$0.80 per 100mL", "category": "Household"},
{"title": "Hershey's Chocolate Caramel | 1L", "price": "$9.00", "price_calculation": "$0.90 per 100mL", "category": "Frozen"},
{"title": "Dettol Multi Purpose Cleaner Crisp Apple Burst | 750mL", "price": "$7.00", "price_calculation": "$0.93 per 100mL", "category": "Household"},
{"title": "Birds Eye Deli Sea Salt & Rosemary Seasoned Chips | 600g", "price": "$6.00", "price_calculation": "$10.00 per 1kg", "category": "Frozen"},
{"title": "Easy Off Drain Cleaner Turbo Gel | 1L", "price": "$14.00", "price_calculation": "$1.40 per 100mL", "category": "Household"},
{"title": "Four'N Twenty Frozen Meat Pies 4 Pack | 700g", "price": "$8.50", "price_calculation": "$1.21 per 100g", "category": "Frozen"},
{"title": "Morning Fresh Strawberry And Guava Dishwashing Liquid | 400mL", "price": "$2.75", "price_calculation": "$0.69 per 100mL", "category": "Household"},
{"title": "Coles Vegetable Cocktail Spring Rolls 60 Pack | 1kg", "price": "$6.60", "price_calculation": "$0.66 per 100g", "category": "Frozen"},
{"title": "Air Wick Essential Oil Sea Mist & Blue Minerals Plug-In Starter Kit | 19mL", "price": "$9.80", "price_calculation": "$5.16 per 10mL", "category": "Household"},
{"title": "Ben & Jerry's Chocolate Chip Cookie Dough Ice Cream Tub | 458mL", "price": "$7.25", "price_calculation": "$1.58 per 100mL", "category": "Frozen"},
{"title": "Morning Fresh Limited Edition Summer Berries Dishwashing Liquid | 400mL", "price": "$2.75", "price_calculation": "$0.69 per 100mL", "category": "Household"},
{"title": "Coles Facial Tissues White | 224 pack", "price": "$1.70", "price_calculation": "$0.76 per 100ea", "category": "Household"},
{"title": "Pine O Cleen Disinfectant Wipes Lemon | 110 pack", "price": "$12.00", "price_calculation": "$10.91 per 100ea", "category": "Household"},
{"title": "Handee Ultra White Paper Towels | 2 pack", "price": "$3.85", "price_calculation": "$3.21 per 100ea", "category": "Household"},
{"title": "Coles 2 Ply Paper Towels | 2 pack", "price": "$1.90", "price_calculation": "$1.19 per 100ea", "category": "Household"},
{"title": "Sorbent Toilet Tissue Silky White | 32 pack", "price": "$10.00", "price_calculation": "$0.31 per 1ea", "category": "Household"},
{"title": "Kleenex Everyday 2 Ply Facial Tissues | 200 pack", "price": "$3.00", "price_calculation": "$1.50 per 100ea", "category": "Household"},
{"title": "Coles Ultra Paper Towel 3 Ply | 3 pack", "price": "$3.20", "price_calculation": "$1.78 per 100ea", "category": "Household"},
{"title": "Coles White Serviettes | 100 Pack", "price": "$0.95", "price_calculation": "$0.95 per 100ea", "category": "Household"},
{"title": "Kleenex Complete Clean Toilet Paper | 32 pack", "price": "$18.00", "price_calculation": "$0.31 per 100ea", "category": "Household"},
{"title": "Kleenex Aloe Vera & Vitamin E 3 Ply Facial Tissues | 95 pack", "price": "$2.60", "price_calculation": "$0.03 per 1ea", "category": "Household"},
{"title": "Morning Fresh Lemon Dishwashing Liquid | 900mL", "price": "$9.50", "price_calculation": "$1.06 per 100mL", "category": "Household"},
{"title": "Coles Kitchen Tidy Lavender Large | 25 pack", "price": "$2.50", "price_calculation": "$0.10 per 1ea", "category": "Household"},
{"title": "Handee Ultra White Double Length Paper Towels | 2 pack", "price": "$5.00", "price_calculation": "$2.08 per 100ea", "category": "Household"},
{"title": "Quilton Classic White Facial Tissues | 110 pack", "price": "$2.50", "price_calculation": "$2.27 per 100ea", "category": "Household"},
{"title": "Kleenex Aloe Vera & Vitamin E 3 Ply Facial Tissues | 140 pack", "price": "$4.50", "price_calculation": "$3.21 per 100ea", "category": "Household"},
{"title": "MasterChef Kitchen Utensils | 2 pack", "price": "$20.00", "price_calculation": "$10.00 per 1ea", "category": "Household"},
{"title": "MasterChef 26cm Non-stick Frypan | 1 each", "price": "$70.00", "price_calculation": "$70.00 per 1ea", "category": "Household"},
{"title": "Morning Fresh Raspberry & Crisp Apple Dishwashing Liquid | 900mL", "price": "$9.50", "price_calculation": "$1.06 per 100mL", "category": "Household"},
{"title": "MasterChef 20cm Non-stick Frypan | 1 each", "price": "$50.00", "price_calculation": "$50.00 per 1ea", "category": "Household"},
{"title": "Quilton 3 Ply Floral Print Soft Double Length Toilet Paper | 9 pack", "price": "$13.50", "price_calculation": "$0.42 per 100ea", "category": "Household"},
{"title": "Fight MND 2023 Beanie | 1 each", "price": "$25.00", "price_calculation": "$25.00 per 1ea", "category": "Household"},
{"title": "Earth Choice Dishwashing Liquid | 1L", "price": "$2.35", "price_calculation": "$0.24 per 100mL", "category": "Household"},
{"title": "Coles Kitchen Tidy Lavender Medium | 30 pack", "price": "$2.50", "price_calculation": "$0.08 per 1ea", "category": "Household"},
{"title": "Handee Ultra White Paper Towels | 4 pack", "price": "$6.00", "price_calculation": "$2.50 per 100ea", "category": "Household"},
{"title": "Quilton 4 Ply White Gold Toilet Paper | 6 pack", "price": "$5.80", "price_calculation": "$0.69 per 100ea", "category": "Household"},
{"title": "Coles Compost Tidy Bag Small | 25 pack", "price": "$3.30", "price_calculation": "$0.13 per 1ea", "category": "Household"},
{"title": "Coles Extra Tough Garbage Bags | 20 pack", "price": "$3.80", "price_calculation": "$0.19 per 1ea", "category": "Household"},
{"title": "Viva Double Length Paper Towels | 3 pack", "price": "$9.00", "price_calculation": "$2.50 per 100ea", "category": "Household"},
{"title": "Coles So Soft & Strong 3 Ply Toilet Tissue Double Length | 4 pack", "price": "$4.60", "price_calculation": "$0.32 per 100ea", "category": "Household"},
{"title": "Coles Kitchen Tidy Bag Lavender Small | 40 pack", "price": "$2.50", "price_calculation": "$0.06 per 1ea", "category": "Household"},
{"title": "Coles Ultra Antibacterial Multipurpose Wipes Lemon | 100 pack", "price": "$4.00", "price_calculation": "$4.00 per 100ea", "category": "Household"},
{"title": "Coles So Soft 2 Ply Toilet Tissue | 18 pack", "price": "$9.00", "price_calculation": "$0.19 per 100ea", "category": "Household"},
{"title": "MasterChef 18cm Saucepan with Glass Lid 2L | 1 each", "price": "$60.00", "price_calculation": "$60.00 per 1ea", "category": "Household"},
{"title": "Sorbent Hypo Allergenic Toilet Tissue | 12 pack", "price": "$8.50", "price_calculation": "$0.39 per 100ea", "category": "Household"},
{"title": "Coles Kitchen Tidy Lemon Medium | 30 pack", "price": "$2.50", "price_calculation": "$0.08 per 1ea", "category": "Household"},
{"title": "Coles So Soft & Strong Facial Tissues Aloe Vera | 95 pack", "price": "$2.00", "price_calculation": "$2.11 per 100ea", "category": "Household"},
{"title": "Coles Ultra Double Length Paper Towel | 3 pack", "price": "$5.50", "price_calculation": "$1.53 per 100ea", "category": "Household"},
{"title": "Quilton 3 Ply Unscented White Toilet Paper | 12 pack", "price": "$8.50", "price_calculation": "$0.39 per 100ea", "category": "Household"},
{"title": "Sorbent Facial Tissues Everyday | 150 pack", "price": "$1.90", "price_calculation": "$1.27 per 100ea", "category": "Household"},
{"title": "Quilton 3 Ply Double Length White Toilet Paper | 4 pack", "price": "$6.00", "price_calculation": "$0.42 per 100ea", "category": "Household"},
{"title": "MasterChef 24cm Casserole Pan with Glass Lid 4.2L | 1 each", "price": "$80.00", "price_calculation": "$80.00 per 1ea", "category": "Household"},
{"title": "Coles Dishwashing Liquid Lemon | 1L", "price": "$1.50", "price_calculation": "$0.15 per 100mL", "category": "Household"},
{"title": "Morning Fresh Lime Dishwashing Liquid | 900mL", "price": "$9.50", "price_calculation": "$1.06 per 100mL", "category": "Household"},
{"title": "Coles Facial Tissues White | 90 pack", "price": "$1.15", "price_calculation": "$1.28 per 100ea", "category": "Household"},
{"title": "CUB Biodegradable Fragrance Free Baby Wipes | 80 pack", "price": "$2.40", "price_calculation": "$3.00 per 100ea", "category": "Baby"},
{"title": "Aptamil Gold+ 1 Baby Infant Formula From 0-6 Months | 900g", "price": "$32.00", "price_calculation": "$3.56 per 100g", "category": "Baby"},
{"title": "XXXX Gold Block Can 375mL | 30 Pack", "price": "$48.00", "price_calculation": "$4.27 per 1L", "category": "Liquor"},
{"title": "Rafferty's Garden Banana Pear & Mango Baby Food Puree Pouch 4+ Months | 120g", "price": "$2.00", "price_calculation": "$1.67 per 100g", "category": "Baby"},
{"title": "Penfolds Max'S Shiraz 750mL | 1 Each", "price": "$25.00", "price_calculation": "$3.33 per 100mL", "category": "Liquor"},
{"title": "Rafferty's Garden Blueberry- Banana & Pear Yoghurt Brekkie 6+ Months | 120g", "price": "$2.00", "price_calculation": "$1.67 per 100g", "category": "Baby"},
{"title": "Victoria Bitter Can 375mL | 24 Pack", "price": "$55.00", "price_calculation": "$0.61 per 100mL", "category": "Liquor"},
{"title": "U by Kotex Designer Series Pads Regular With Wings | 22 pack", "price": "$4.20", "price_calculation": "$0.19 per 1ea", "category": "Health & Beauty"},
{"title": "Rafferty's Garden Vegemite Cheesy Bread Sticks 12+ Months | 30g", "price": "$2.00", "price_calculation": "$6.67 per 100g", "category": "Baby"},
{"title": "Hahn Super Dry Bottle 330mL | 24 Pack", "price": "$52.00", "price_calculation": "$0.66 per 100mL", "category": "Liquor"},
{"title": "Maybelline 4-in-1 Instant Perfector Glow Fair | 20mL", "price": "$24.50", "price_calculation": "$122.50 per 100mL", "category": "Health & Beauty"},
{"title": "Rafferty's Garden Chickpea Corn & Carrot 8+ Months  | 120g", "price": "$2.00", "price_calculation": "$1.67 per 100g", "category": "Baby"},
{"title": "Jack Daniels Whiskey 700mL | 1 Each", "price": "$52.00", "price_calculation": "$74.29 per 1L", "category": "Liquor"},
{"title": "Nurofen Zavance Fast Pain Relief Liquid Capsules 200mg Ibuprofen | 24 pack", "price": "$5.40", "price_calculation": "$0.23 per 1ea", "category": "Health & Beauty"},
{"title": "Rafferty's Garden Blueberry & Banana No Added Sugar Custard 6+ Months | 120g", "price": "$2.00", "price_calculation": "$1.67 per 100g", "category": "Baby"},
{"title": "Jack Daniels Gentleman Jack 1 Litre | 1 Each", "price": "$85.00", "price_calculation": "$85.00 per 1L", "category": "Liquor"},
{"title": "Oral B Pro 800 Cross Action Electric Toothbrush | 1 pack", "price": "$50.00", "price_calculation": "$50.00 per 1ea", "category": "Health & Beauty"},
{"title": "Rafferty's Garden Rice Cereal Pear Banana & Milk No Added Sugar Baby Food Pouch 4+ Months | 120g", "price": "$2.00", "price_calculation": "$1.67 per 100g", "category": "Baby"},
{"title": "Saltram 1859 Barossa Shiraz 750mL | 1 Each", "price": "$15.00", "price_calculation": "$20.00 per 1L", "category": "Liquor"},
{"title": "Oral B D103 Pro 300 Electric Toothbrush Black | 1 pack", "price": "$45.00", "price_calculation": "$45.00 per 1ea", "category": "Health & Beauty"},
{"title": "Bubs Organic Little Rollies Hazelnut | 25g", "price": "$1.80", "price_calculation": "$7.20 per 100g", "category": "Baby"},
{"title": "Wynns Coonawarra Shiraz 750mL | 1 Each", "price": "$14.00", "price_calculation": "$18.67 per 1L", "category": "Liquor"},
{"title": "Salts & Co Pure Epsom Bath Salts | 1kg", "price": "$4.50", "price_calculation": "$0.45 per 100g", "category": "Health & Beauty"},
{"title": "Cetaphil Baby Moisturising Bath & Wash | 400mL", "price": "$11.06", "price_calculation": "$2.77 per 100mL", "category": "Baby"},
{"title": "Wynns Reframed Cabernet Sauvignon Cabernet Franc 750mL | 1 Each", "price": "$16.00", "price_calculation": "$21.33 per 1L", "category": "Liquor"},
{"title": "Colgate Total Advanced Whitening Toothpaste | 115g", "price": "$6.50", "price_calculation": "$5.65 per 100g", "category": "Health & Beauty"},
{"title": "Cetaphil Baby Wash & Shampoo | 400mL", "price": "$11.06", "price_calculation": "$2.77 per 100mL", "category": "Baby"},
{"title": "Carlton Dry Bottle 330mL | 24 Pack", "price": "$52.00", "price_calculation": "$0.61 per 100mL", "category": "Liquor"},
{"title": "Elastoplast Strips Kids Sensitive | 20 pack", "price": "$3.70", "price_calculation": "$0.19 per 1ea", "category": "Health & Beauty"},
{"title": "Rascal + Friends Biodegradable Sensitive Wipes | 80 pack", "price": "$2.50", "price_calculation": "$3.13 per 100ea", "category": "Baby"},
{"title": "Great Northern Super Crisp Lager Bottle 330mL | 24 Pack", "price": "$47.00", "price_calculation": "$5.93 per 1L", "category": "Liquor"},
{"title": "Oral-B Dental Floss Waxed Mint 50m | 1 each", "price": "$2.00", "price_calculation": "$2.00 per 1ea", "category": "Health & Beauty"},
{"title": "CUB Gentle Care Premium Thick & Soft Fragrance Free Baby Wipes | 80 pack", "price": "$2.80", "price_calculation": "$3.50 per 100ea", "category": "Baby"},
{"title": "Great Northern Super Crisp Lager Block Can 375mL | 30 Pack", "price": "$60.00", "price_calculation": "$5.33 per 1L", "category": "Liquor"},
{"title": "Libra Goodnights Extra Long With Wings Pads | 10 pack", "price": "$5.00", "price_calculation": "$0.50 per 1ea", "category": "Health & Beauty"},
{"title": "CUB Biodegradable Lightly Scented Baby Wipes | 80 pack", "price": "$2.40", "price_calculation": "$3.00 per 100ea", "category": "Baby"},
{"title": "Cleanskin Clean & Smooth Vodka 700mL | 1 Each", "price": "$38.00", "price_calculation": "$54.29 per 1L", "category": "Liquor"},
{"title": "Caredent Eeziflossers Eco Plus 30 Pack | 30 pack", "price": "$2.97", "price_calculation": "$0.10 per 1ea", "category": "Health & Beauty"},
{"title": "Rascal + Friends H2O Water Wipes | 72 pack", "price": "$2.50", "price_calculation": "$3.47 per 100ea", "category": "Baby"},
{"title": "Corona Bottle 355mL | 24 Pack", "price": "$59.00", "price_calculation": "$6.92 per 1L", "category": "Liquor"},
{"title": "U by Kotex Sport Ultrathin Pads Super With Wings | 10 pack", "price": "$2.80", "price_calculation": "$0.28 per 1ea", "category": "Health & Beauty"},
{"title": "CUB Biodegradable Fragrance Free Baby Wipes | 480 pack", "price": "$11.50", "price_calculation": "$2.40 per 100ea", "category": "Baby"},
{"title": "St Hallett Faith Shiraz 750mL | 1 Each", "price": "$15.00", "price_calculation": "$20.00 per 1L", "category": "Liquor"},
{"title": "U by Kotex Designer Series Liners | 30 pack", "price": "$2.10", "price_calculation": "$0.07 per 1ea", "category": "Health & Beauty"},
{"title": "Huggies Thick Baby Wipes Fragrance Free | 80 pack", "price": "$5.00", "price_calculation": "$6.25 per 100ea", "category": "Baby"},
{"title": "Oyster Bay Marlborough Sauvignon Blanc 750mL | 1 Each", "price": "$22.00", "price_calculation": "$29.33 per 1L", "category": "Liquor"},
{"title": "Coles Cotton Make-Up Pads Round | 80 pack", "price": "$1.50", "price_calculation": "$1.88 per 100ea", "category": "Health & Beauty"},
{"title": "Huggies Thick Baby Wipes Fragrance Free 3x80 | 3 pack", "price": "$14.00", "price_calculation": "$5.83 per 100ea", "category": "Baby"},
{"title": "Great Northern Original Lager Bottle 330mL | 24 Pack", "price": "$48.00", "price_calculation": "$6.06 per 1L", "category": "Liquor"},
{"title": "Colgate Max Fresh Coolmint Toothpaste | 200g", "price": "$5.00", "price_calculation": "$2.50 per 100g", "category": "Health & Beauty"},
{"title": "Rafferty's Garden Blueberry Mini Yoghurt Drops Baby Food Snack 8+ Months | 8g", "price": "$2.50", "price_calculation": "$31.25 per 100g", "category": "Baby"},
{"title": "Pepperjack Barossa Shiraz 750mL | 1 Each", "price": "$25.00", "price_calculation": "$33.33 per 1L", "category": "Liquor"},
{"title": "Colgate Total Advanced Clean Toothpaste | 115g", "price": "$6.50", "price_calculation": "$5.65 per 100g", "category": "Health & Beauty"},
{"title": "Huggies Thick Baby Wipes Fragrance Free | 1 pack", "price": "$18.00", "price_calculation": "$18.00 per 1ea", "category": "Baby"},
{"title": "Earthworks Shiraz 750mL | 1 Each", "price": "$12.00", "price_calculation": "$16.00 per 1L", "category": "Liquor"},
{"title": "Panadol Rapid Caplets for Pain Relief Paracetamol 500mg | 20 pack", "price": "$6.00", "price_calculation": "$0.30 per 1ea", "category": "Health & Beauty"},
{"title": "Aptamil Gold+ 3 Toddler Nutritional Supplement From 1 Year | 900g", "price": "$27.00", "price_calculation": "$3.00 per 100g", "category": "Baby"},
{"title": "Wahu New Zealand Sauv Blanc 750mL | 1 Each", "price": "$8.50", "price_calculation": "$11.33 per 1L", "category": "Liquor"},
{"title": "Colgate Advanced Whitening & Tartar Toothpaste  | 200g", "price": "$5.00", "price_calculation": "$2.50 per 100g", "category": "Health & Beauty"},
{"title": "Rafferty's Garden Blueberry Banana & Apple Snack Bars Real Fruit Baby Food 8 Pack 12+ Months | 128g", "price": "$4.50", "price_calculation": "$3.52 per 100g", "category": "Baby"},
{"title": "Zilzie Bulloak Sauvignon Blanc 750mL | 1 Each", "price": "$6.00", "price_calculation": "$8.00 per 1L", "category": "Liquor"},
{"title": "Colgate Advanced Whitening & Tartar Toothpaste | 115g", "price": "$6.50", "price_calculation": "$5.65 per 100g", "category": "Health & Beauty"},
{"title": "Rafferty's Garden Apple Banana & Peach and Nothing Else Baby Food Puree Pouch 4+ Months | 120g", "price": "$2.00", "price_calculation": "$1.67 per 100g", "category": "Baby"},
{"title": "McGuigan Black Label Red Blend 750mL | 1 Each", "price": "$8.00", "price_calculation": "$10.67 per 1L", "category": "Liquor"},
{"title": "U by Kotex Sport Ultrathin Pads Regular With Wings | 12 pack", "price": "$2.80", "price_calculation": "$0.23 per 1ea", "category": "Health & Beauty"},
{"title": "Curash Water Wipes | 240 pack", "price": "$16.50", "price_calculation": "$6.88 per 100ea", "category": "Baby"},
{"title": "Brown Brothers Prosecco NV 750mL | 1 Each", "price": "$15.00", "price_calculation": "$20.00 per 1L", "category": "Liquor"},
{"title": "Coles Paracetamol Caplets | 20 pack", "price": "$0.80", "price_calculation": "$0.04 per 1ea", "category": "Health & Beauty"},
{"title": "Little Bellies Baby Puffs Carrot | 12g", "price": "$2.00", "price_calculation": "$16.67 per 100g", "category": "Baby"},
{"title": "James Squire 150 Lashes Pale Ale Bottle 330mL | 6 Pack", "price": "$22.00", "price_calculation": "$11.11 per 1L", "category": "Liquor"},
{"title": "Colgate Advanced Whitening Charcoal Toothpaste | 180g", "price": "$5.00", "price_calculation": "$2.78 per 100g", "category": "Health & Beauty"},
{"title": "Rafferty's Garden Natural Mini Yoghurt Drops Baby Food Snack 8+ Months | 8g", "price": "$2.50", "price_calculation": "$31.25 per 100g", "category": "Baby"},
{"title": "Wolf Blass Red Label Chardonnay Pinot Noir NV 750mL | 1 Each", "price": "$7.00", "price_calculation": "$9.33 per 1L", "category": "Liquor"},
{"title": "Coles Cotton Wool Tips Paper Stem | 400 pack", "price": "$4.00", "price_calculation": "$1.00 per 100ea", "category": "Health & Beauty"},
{"title": "Baby Mum-Mum Rice Rusk Organic Blueberry & Carrot +8 Months | 36g", "price": "$2.75", "price_calculation": "$7.64 per 100g", "category": "Baby"},
{"title": "Lana's Bike Sauvignon Blanc 750mL | 1 Each", "price": "$14.00", "price_calculation": "$18.67 per 1L", "category": "Liquor"},
{"title": "Colgate Total Advanced Fresh Toothpaste | 115g", "price": "$6.50", "price_calculation": "$5.65 per 100g", "category": "Health & Beauty"},
{"title": "Rafferty's Garden Apple & Raspberry Snack Bars with Real Fruit Baby Food Snack 12+ Months | 128g", "price": "$4.50", "price_calculation": "$3.52 per 100g", "category": "Baby"},
{"title": "Peter Lehmann Portrait Shiraz 750mL | 1 Each", "price": "$12.00", "price_calculation": "$16.00 per 1L", "category": "Liquor"},
{"title": "Colgate Max Fresh Coolmint Toothpaste | 115g", "price": "$6.50", "price_calculation": "$5.65 per 100g", "category": "Health & Beauty"},
{"title": "Rafferty's Garden Pear & Superberries Puree and Nothing Else Baby Food Pouch 4+ Months | 120g", "price": "$2.00", "price_calculation": "$1.67 per 100g", "category": "Baby"},
{"title": "Yellowglen NV Yellow 750mL | 1 Each", "price": "$9.00", "price_calculation": "$12.00 per 1L", "category": "Liquor"},
{"title": "Panadol Mini Caps for Pain Relief Paracetamol 500mg | 20 pack", "price": "$5.15", "price_calculation": "$0.26 per 1ea", "category": "Health & Beauty"},
{"title": "CUB Unisex Toddler Nappies Size 4 | 50 pack", "price": "$11.50", "price_calculation": "$23.00 per 100ea", "category": "Baby"},
{"title": "-196 Double Lemon & Vodka Can 330ml | 4 Pack", "price": "$24.00", "price_calculation": "$18.18 per 1L", "category": "Liquor"},
{"title": "Coles Antibacterial Hand Wash Lime Fresh | 1L", "price": "$3.00", "price_calculation": "$0.30 per 100mL", "category": "Health & Beauty"},
{"title": "Curash Fragrance Free 240 Baby Wipes 3x80 Pack | 3 pack", "price": "$13.00", "price_calculation": "$4.33 per 1ea", "category": "Baby"},
{"title": "Robinsons Marlborough Sauvignon Blanc 750mL | 1 Each", "price": "$10.00", "price_calculation": "$13.33 per 1L", "category": "Liquor"},
{"title": "Coles Rapid Tablets Ibuprofen | 24pack", "price": "$4.50", "price_calculation": "$0.19 per 1ea", "category": "Health & Beauty"},
{"title": "Huggies Ultra Dry Nappies Boys Size 5 (13-18kg) | 32 pack", "price": "$23.00", "price_calculation": "$0.72 per 1ea", "category": "Baby"},
{"title": "Earthworks Cabernet Sauvignon 750mL | 1 Each", "price": "$12.00", "price_calculation": "$16.00 per 1L", "category": "Liquor"},
{"title": "Colgate 360 Degree Value Pack Soft Toothbrush | 2 pack", "price": "$4.00", "price_calculation": "$2.00 per 1ea", "category": "Health & Beauty"},
{"title": "Only Organic Banana Berries & Yoghurt Brekkie Baby Food Pouch 8+ Months | 120g", "price": "$2.15", "price_calculation": "$1.79 per 100g", "category": "Baby"},
{"title": "Absolut Vodka 700mL | 1 Each", "price": "$56.00", "price_calculation": "$80.00 per 1L", "category": "Liquor"},
{"title": "U By Kotex Extra Overnight Pads With Wings | 10 pack", "price": "$5.00", "price_calculation": "$0.50 per 1ea", "category": "Health & Beauty"},
{"title": "Rafferty's Garden Pear & Prune Puree and Nothing Else Baby Food Pouch 4+ Months | 120g", "price": "$2.00", "price_calculation": "$1.67 per 100g", "category": "Baby"},
{"title": "The Ned Marlborough Sauvignon Blanc 750mL | 1 Each", "price": "$18.00", "price_calculation": "$24.00 per 1L", "category": "Liquor"},
{"title": "Coles Biodegradable Sensitive 3 In 1 Facial Cleansing Wipes | 30 pack", "price": "$1.80", "price_calculation": "$0.06 per 1ea", "category": "Health & Beauty"},
{"title": "Little Bellies Sultanas 6x14g | 84g", "price": "$2.25", "price_calculation": "$2.68 per 100g", "category": "Baby"},
{"title": "Johnnie Walker Red Label Scotch Whisky 700mL | 1 Each", "price": "$45.00", "price_calculation": "$64.29 per 1L", "category": "Liquor"},
{"title": "Coles Cotton Wool Tips Paper Stem | 200 pack", "price": "$3.00", "price_calculation": "$1.50 per 100ea", "category": "Health & Beauty"},
{"title": "Huggies Drynites Night Pants Boy Size 4-7 Years | 9 pack", "price": "$10.00", "price_calculation": "$1.11 per 1ea", "category": "Baby"},
{"title": "Pensilva Estate Shiraz 750mL | 1 Each", "price": "$20.00", "price_calculation": "$26.67 per 1L", "category": "Liquor"},
{"title": "Colgate Plax Fresh Mint Mouthwash | 500mL", "price": "$3.50", "price_calculation": "$0.70 per 100mL", "category": "Health & Beauty"},
{"title": "Baby Bellies Organic Blueberry Puffs 7+ Months | 12g", "price": "$2.00", "price_calculation": "$16.67 per 100g", "category": "Baby"},
{"title": "STORY BAY STORY BAY SEMILLON SAUV B", "price": null, "price_calculation": null, "category": "Liquor"},
{"title": "Libra Extra Super With Wings Pads | 12 pack", "price": "$5.00", "price_calculation": "$0.42 per 1ea", "category": "Health & Beauty"},
{"title": "Only Organic Apple Blueberry Blackberry Oat Prebiotics 8+ Months | 120g", "price": "$2.15", "price_calculation": "$1.79 per 100g", "category": "Baby"},
{"title": "Yalumba Y Series Pinot Grigio 750mL | 1 Each", "price": "$10.00", "price_calculation": "$13.33 per 1L", "category": "Liquor"},
{"title": "Colgate Kids Mild Mint Minions Toothpaste | 90g", "price": "$2.10", "price_calculation": "$2.33 per 100g", "category": "Health & Beauty"},
{"title": "CUB Nappy Bags | 200 pack", "price": "$3.20", "price_calculation": "$1.60 per 100ea", "category": "Baby"},
{"title": "Victoria Bitter Can 375mL | 8 Pack", "price": "$23.00", "price_calculation": "$7.67 per 1L", "category": "Liquor"},
{"title": "Colgate 360 Degree Value Pack Medium Toothbrush | 2 pack", "price": "$4.00", "price_calculation": "$2.00 per 1ea", "category": "Health & Beauty"},
{"title": "Huggies Ultra Dry Nappy Pants Boys Size 5 (12-17kg) | 54 pack", "price": "$30.00", "price_calculation": "$55.56 per 100ea", "category": "Baby"},
{"title": "Stoneleigh Marlborough Sauvignon Blanc 750mL | 1 Each", "price": "$15.00", "price_calculation": "$20.00 per 1L", "category": "Liquor"},
{"title": "Dove Glowing Mango Body wash | 1L", "price": "$17.00", "price_calculation": "$1.70 per 100mL", "category": "Health & Beauty"},
{"title": "Huggies Ultra Dry Nappy Pants Boys Size 6 (15kg+) | 48 pack", "price": "$30.00", "price_calculation": "$62.50 per 100ea", "category": "Baby"},
{"title": "Zilzie Estate Pinot Grigio 750mL | 1 Each", "price": "$7.00", "price_calculation": "$9.33 per 1L", "category": "Liquor"},
{"title": "U by Kotex Sport Liners | 30 pack", "price": "$2.10", "price_calculation": "$0.07 per 1ea", "category": "Health & Beauty"},
{"title": "CUB Biodegradable Fragrance Free Baby Wipes | 20 pack", "price": "$1.50", "price_calculation": "$7.50 per 100ea", "category": "Baby"},
{"title": "Great Northern Original Lager Bottle 330mL | 6 Pack", "price": "$19.00", "price_calculation": "$9.60 per 1L", "category": "Liquor"},
{"title": "Colgate Great Regular Flavour Toothpaste | 180g", "price": "$3.50", "price_calculation": "$1.94 per 100g", "category": "Health & Beauty"},
{"title": "Rafferty's Garden Apple Puree and Nothing Else Baby Food Pouch 4+ Months | 120g", "price": "$2.00", "price_calculation": "$1.67 per 100g", "category": "Baby"},
{"title": "Corona Bottle 355mL | 6 Pack", "price": "$23.00", "price_calculation": "$10.80 per 1L", "category": "Liquor"},
{"title": "Dove Nourishing Body Wash Fresh Touch | 1L", "price": "$17.00", "price_calculation": "$1.70 per 100mL", "category": "Health & Beauty"},
{"title": "Baby Mum-Mum First Rice Rusk Apple & Pumpkin +6 Months | 36g", "price": "$2.75", "price_calculation": "$7.64 per 100g", "category": "Baby"},
{"title": "Jack Daniels Double Jack and Cola Can 375mL | 4 Pack", "price": "$28.00", "price_calculation": "$18.67 per 1L", "category": "Liquor"},
{"title": "Coles Shower Puff | 1 each", "price": "$2.50", "price_calculation": "$2.50 per 1ea", "category": "Health & Beauty"},
{"title": "Baby Mum-Mum First Rice Rusk Vegetable +6 Months | 36g", "price": "$2.75", "price_calculation": "$7.64 per 100g", "category": "Baby"},
{"title": "Tussock Jumper Pinot Noir 750mL | 1 Each", "price": "$10.00", "price_calculation": "$13.33 per 1L", "category": "Liquor"},
{"title": "Dove Beauty Bar Regular | 2 pack", "price": "$2.94", "price_calculation": "$1.47 per 1ea", "category": "Health & Beauty"},
{"title": "Nestle Cerelac Multigrain with Pear Baby Cereal Stage 3 | 200g", "price": "$6.00", "price_calculation": "$3.00 per 100g", "category": "Baby"},
{"title": "Jim Beam Black Double Serve 6.9% Can 375mL | 4 Pack", "price": "$25.00", "price_calculation": "$16.67 per 1L", "category": "Liquor"},
{"title": "Colgate Advanced Whitening Toothpaste  | 200g", "price": "$5.00", "price_calculation": "$2.50 per 100g", "category": "Health & Beauty"},
{"title": "Huggies Ultra Dry Nappies Girls Size 4 (10-15kg) | 36 pack", "price": "$23.00", "price_calculation": "$0.64 per 1ea", "category": "Baby"},
{"title": "Jim Beam White Label Bourbon 700mL | 1 Each", "price": "$45.00", "price_calculation": "$64.29 per 1L", "category": "Liquor"},
{"title": "Colgate Plax Fresh Mint Mouth Wash | 1L", "price": "$12.00", "price_calculation": "$1.20 per 100mL", "category": "Health & Beauty"},
{"title": "Huggies Ultra Dry Nappies Boys Size 6 (16kg+) | 30 pack", "price": "$23.00", "price_calculation": "$0.77 per 1ea", "category": "Baby"},
{"title": "Colgate Advanced Whitening Toothpaste | 115g", "price": "$6.50", "price_calculation": "$5.65 per 100g", "category": "Health & Beauty"},
{"title": "Rafferty's Garden Banana Pear & Mango Porridge Baby Food Pouch 6+ Months | 120g", "price": "$2.00", "price_calculation": "$1.67 per 100g", "category": "Baby"},
{"title": "Coles Dental Flossers | 30 pack", "price": "$1.20", "price_calculation": "$0.04 per 1ea", "category": "Health & Beauty"},
{"title": "Only Organic Mango & Yoghurt Brekkie Baby Food Pouch 8+ Months | 120g", "price": "$2.15", "price_calculation": "$1.79 per 100g", "category": "Baby"},
{"title": "Panadol Paracetamol Pain Relief Tablets | 20 pack", "price": "$4.50", "price_calculation": "$0.23 per 1ea", "category": "Health & Beauty"},
{"title": "Baby Mum-Mum Rice Rusks Banana +8 Months | 36g", "price": "$2.75", "price_calculation": "$7.64 per 100g", "category": "Baby"},
{"title": "Nurofen Zavance Fast Pain Relief 200mg Ibuprofen Liquid Capsules | 20 pack", "price": "$7.50", "price_calculation": "$0.38 per 1ea", "category": "Health & Beauty"},
{"title": "Heinz Little Kids Toddler Fruit Salad Muesli Fingers Snack Bars 1-3 Years | 90g", "price": "$3.00", "price_calculation": "$3.33 per 100g", "category": "Baby"},
{"title": "Panadol Optizorb Paracetamol Tablets | 20 pack", "price": "$4.00", "price_calculation": "$0.20 per 1ea", "category": "Health & Beauty"},
{"title": "Johnson's Baby Pure Cornstarch With Aloe & Vitamin E Classic Scented Baby Powder | 255g", "price": "$5.50", "price_calculation": "$2.16 per 100g", "category": "Baby"},
{"title": "Colgate Sensitive Pro Relief Multiprotection Toothpaste | 110g", "price": "$5.50", "price_calculation": "$5.00 per 100g", "category": "Health & Beauty"},
{"title": "CUB Unisex Junior Nappies Size 6 | 40 pack", "price": "$11.50", "price_calculation": "$0.29 per 1ea", "category": "Baby"},
{"title": "Palmolive Anti-Stress Shower Gel | 1L", "price": "$6.00", "price_calculation": "$0.60 per 100mL", "category": "Health & Beauty"},
{"title": "Aptamil Gold+ 2 Baby Follow - On Formula From 6-12 Months | 900g", "price": "$32.00", "price_calculation": "$3.56 per 100g", "category": "Baby"},
{"title": "Dove Nourishing Secrets Restoring Coconut Body Wash | 1L", "price": "$17.00", "price_calculation": "$1.70 per 100mL", "category": "Health & Beauty"},
{"title": "Coles Bath Soap With Aloe Vera | 8 pack", "price": "$2.30", "price_calculation": "$0.29 per 1g", "category": "Health & Beauty"},
{"title": "Panadol Optizorb Paracetamol Caplets | 20 pack", "price": "$4.00", "price_calculation": "$0.20 per 1ea", "category": "Health & Beauty"},
{"title": "U by Kotex Extra Overnight Pads Long With Wings | 8 pack", "price": "$5.00", "price_calculation": "$0.63 per 1ea", "category": "Health & Beauty"},
{"title": "Sensodyne Sensitive Teeth Pain Daily Care + Whitening Toothpaste | 110g", "price": "$9.70", "price_calculation": "$8.82 per 100g", "category": "Health & Beauty"},
{"title": "Coles Cat Litter Clumping | 4.5kg", "price": "$3.50", "price_calculation": "$0.78 per 1kg", "category": "Pet"},
{"title": "Pedigree Dentastix Large Dog Treats Daily Oral Care Dental Chew | 28 pack", "price": "$15.50", "price_calculation": "$0.55 per 1ea", "category": "Pet"},
{"title": "Kettle Chilli Potato Chips | 165 gram", "price": "$3.00", "price_calculation": "$1.82 per 100g", "category": "Bonus Cookware Credits"},
{"title": "Supercoat Adult With Chicken Dry Dog Food | 7kg", "price": "$28.00", "price_calculation": "$0.40 per 100g", "category": "Pet"},
{"title": "Finish Ultimate Pro Dishwashing Tablets Lemon | 46 pack", "price": "$27.00", "price_calculation": "$0.59 per 1ea", "category": "Bonus Cookware Credits"},
{"title": "Purina Lucky Dog Adult Minis Beef Vegetable & Pasta Dry Dog Food | 3kg", "price": "$11.00", "price_calculation": "$0.37 per 100g", "category": "Pet"},
{"title": "Finish Regular Rinse Aid For Drier & Shinier Dishes | 250mL", "price": "$4.00", "price_calculation": "$1.60 per 100mL", "category": "Bonus Cookware Credits"},
{"title": "Schmackos Strapz With Beef Dog Treats | 500g", "price": "$16.00", "price_calculation": "$3.20 per 100g", "category": "Pet"},
{"title": "Continental Macaroni Cheese Pasta & Sauce Serves 3 | 105g", "price": "$2.80", "price_calculation": "$2.67 per 100g", "category": "Bonus Cookware Credits"},
{"title": "Pedigree Adult Dry Dog Food with Real Beef | 8kg", "price": "$31.00", "price_calculation": "$0.39 per 100g", "category": "Pet"},
{"title": "Continental Oriental Fried Rice | 115g", "price": "$2.80", "price_calculation": "$2.43 per 100g", "category": "Bonus Cookware Credits"},
{"title": "Friskies Dry Cat Food Adult Indoor Delight | 2.5kg", "price": "$16.50", "price_calculation": "$0.66 per 100g", "category": "Pet"},
{"title": "Continental Pasta & Sauce Creamy Bacon Carbonara | 85g", "price": "$2.80", "price_calculation": "$3.29 per 100g", "category": "Bonus Cookware Credits"},
{"title": "Felix Sensations Jellies Fishy Selection Cat Food | 12 pack", "price": "$14.50", "price_calculation": "$1.42 per 100g", "category": "Pet"},
{"title": "Uncle Tobys Le Snak Dip & Crackers Tasty Cheese Variety Pack | 264g", "price": "$9.00", "price_calculation": "$3.41 per 100g", "category": "Bonus Cookware Credits"},
{"title": "Whiskas Favourites Favourites Kitten Mixed In Jelly Cat Food 12x85g | 12 pack", "price": "$12.00", "price_calculation": "$1.18 per 100g", "category": "Pet"},
{"title": "Uncle Toby's Roll Ups Variety Pack 234g | 1 each", "price": "$8.00", "price_calculation": "$3.42 per 100g", "category": "Bonus Cookware Credits"},
{"title": "Schmackos Strapz Dog Treat Beef Chicken And Liver Variety Pack | 500g", "price": "$16.00", "price_calculation": "$3.20 per 100g", "category": "Pet"},
{"title": "Maggi 2 Minute Chicken Flavour Noodles 12 Pack | 864g", "price": "$10.00", "price_calculation": "$1.16 per 100g", "category": "Bonus Cookware Credits"},
{"title": "Temptations Tasty Chicken Flavour Cat Treats | 180g", "price": "$7.00", "price_calculation": "$3.89 per 100g", "category": "Pet"},
{"title": "Colgate Total Advanced Whitening Toothpaste | 115g", "price": "$6.50", "price_calculation": "$5.65 per 100g", "category": "Bonus Cookware Credits"},
{"title": "Fancy Feast Classic Cat Food Tuna Prime Fillet | 85g", "price": "$1.90", "price_calculation": "$2.24 per 100g", "category": "Pet"},
{"title": "Kettle Sea Salt Potato Chips | 165g", "price": "$3.00", "price_calculation": "$1.82 per 100g", "category": "Bonus Cookware Credits"},
{"title": "Dine Creamy Treats Chicken Flavour Cat Treat | 4 pack", "price": "$3.20", "price_calculation": "$6.67 per 100g", "category": "Pet"},
{"title": "Kettle Honey Soy Chicken Potato Chips | 165g", "price": "$3.00", "price_calculation": "$1.82 per 100g", "category": "Bonus Cookware Credits"},
{"title": "Fancy Feast Classic Cat Food Oceanfish Fillet | 85g", "price": "$1.90", "price_calculation": "$2.24 per 100g", "category": "Pet"},
{"title": "Kettle Sea Salt & Vinegar Potato Chips | 165g", "price": "$3.00", "price_calculation": "$1.82 per 100g", "category": "Bonus Cookware Credits"},
{"title": "Fancy Feast Classic Savoury Salmon Cat Food | 85g", "price": "$1.90", "price_calculation": "$2.24 per 100g", "category": "Pet"},
{"title": "Kettle Sweet Chilli & Sour Cream Potato Chips | 165 gram", "price": "$3.00", "price_calculation": "$1.82 per 100g", "category": "Bonus Cookware Credits"},
{"title": "Dine Creamy Treats Tuna Flavour Cat Food 12g | 4 pack", "price": "$3.20", "price_calculation": "$6.67 per 100g", "category": "Pet"},
{"title": "Sunrice Medium Grain White Rice | 5kg", "price": "$19.00", "price_calculation": "$0.38 per 100g", "category": "Bonus Cookware Credits"},
{"title": "Dine Tuna & Prawn Flavour Creamy Treats Cat Food 12g | 4 pack", "price": "$3.20", "price_calculation": "$6.67 per 100g", "category": "Pet"},
{"title": "Bulla Thickened Cream | 300mL", "price": "$3.50", "price_calculation": "$1.17 per 100mL", "category": "Bonus Cookware Credits"},
{"title": "Breeders Choice Cat Litter Paper | 24L", "price": "$23.00", "price_calculation": "$0.96 per 1L", "category": "Pet"},
{"title": "I&J Raw Prawns Tail Off | 500g", "price": "$24.00", "price_calculation": "$48.00 per 1kg", "category": "Bonus Cookware Credits"},
{"title": "Fancy Feast Classic Cat Food Gravy Lovers Beef | 85g", "price": "$1.90", "price_calculation": "$2.24 per 100g", "category": "Pet"},
{"title": "Fight MND 2023 Beanie | 1 each", "price": "$25.00", "price_calculation": "$25.00 per 1ea", "category": "Bonus Cookware Credits"},
{"title": "Fancy Feast Classic Cat Food Chicken Feast Chunky | 85g", "price": "$1.90", "price_calculation": "$2.24 per 100g", "category": "Pet"},
{"title": "Perfect Italiano Grated Parmesan | 125g", "price": "$3.50", "price_calculation": "$28.00 per 1kg", "category": "Bonus Cookware Credits"},
{"title": "Fancy Feast Classic Cat Food Chicken Prime Fillet | 85g", "price": "$1.90", "price_calculation": "$2.24 per 100g", "category": "Pet"},
{"title": "Bulla Light Thickened Cooking Cream | 300mL", "price": "$2.95", "price_calculation": "$0.98 per 100mL", "category": "Bonus Cookware Credits"},
{"title": "Fancy Feast Classic Cat Food Salmon Prime Fillet | 85g", "price": "$1.90", "price_calculation": "$2.24 per 100g", "category": "Pet"},
{"title": "Bulla Sour Cream | 200mL", "price": "$3.70", "price_calculation": "$1.85 per 100mL", "category": "Bonus Cookware Credits"},
{"title": "Dine Creamy Treats Cat Food Mixed Seafood | 4 pack", "price": "$3.20", "price_calculation": "$6.67 per 100g", "category": "Pet"},
{"title": "Colgate Max Fresh Coolmint Toothpaste | 200g", "price": "$5.00", "price_calculation": "$2.50 per 100g", "category": "Bonus Cookware Credits"},
{"title": "Love'em Dog Training Treats Chicken | 200g", "price": "$3.60", "price_calculation": "$1.80 per 100g", "category": "Pet"},
{"title": "Perfect Italiano Perfect Pizza Grated Cheese | 450g", "price": "$9.00", "price_calculation": "$20.00 per 1kg", "category": "Bonus Cookware Credits"},
{"title": "Pedigree Dentastix Large Dog Treats Daily Oral Care Dental Chews | 7 pack", "price": "$6.50", "price_calculation": "$0.93 per 1ea", "category": "Pet"},
{"title": "Coles Finest Pure Canadian Maple Syrup | 250mL", "price": "$6.60", "price_calculation": "$2.64 per 100mL", "category": "Bonus Cookware Credits"},
{"title": "V.I.P Chunkers Adult Chilled Fresh Dog Food Meatballs Lamb | 1kg", "price": "$5.40", "price_calculation": "$0.54 per 100g", "category": "Pet"},
{"title": "Uncle Tobys Traditional Porridge Oats | 1kg", "price": "$6.50", "price_calculation": "$0.65 per 100g", "category": "Bonus Cookware Credits"},
{"title": "Fancy Feast Classic Cat Food Turkey Prime Fillet | 85g", "price": "$1.90", "price_calculation": "$2.24 per 100g", "category": "Pet"},
{"title": "Colgate Total Advanced Clean Toothpaste | 115g", "price": "$6.50", "price_calculation": "$5.65 per 100g", "category": "Bonus Cookware Credits"},
{"title": "Bow Wow Pig Ear Dog Treats | 1 each", "price": "$2.05", "price_calculation": "$2.05 per 1ea", "category": "Pet"},
{"title": "Perfect Italiano Dairy Cheese Extra Sharp Grated Parmesan | 125g", "price": "$3.50", "price_calculation": "$28.00 per 1kg", "category": "Bonus Cookware Credits"},
{"title": "Coles Compost Pet Tidy Bags | 40 pack", "price": "$2.50", "price_calculation": "$0.06 per 1ea", "category": "Pet"},
{"title": "Perfect Italiano Shaved Parmesan | 125g", "price": "$3.50", "price_calculation": "$28.00 per 1kg", "category": "Bonus Cookware Credits"},
{"title": "Temptations Tempting Tuna Flavour Cat Treats | 85g", "price": "$5.00", "price_calculation": "$5.88 per 100g", "category": "Pet"},
{"title": "Uncle Tobys Quick Oats Porridge | 1kg", "price": "$6.50", "price_calculation": "$0.65 per 100g", "category": "Bonus Cookware Credits"},
{"title": "V.I.P Chunkers Adult Chilled Fresh Dog Food Chicken Meatballs | 1kg", "price": "$5.40", "price_calculation": "$0.54 per 100g", "category": "Pet"},
{"title": "Colgate Advanced Whitening & Tartar Toothpaste | 115g", "price": "$6.50", "price_calculation": "$5.65 per 100g", "category": "Bonus Cookware Credits"},
{"title": "V.I.P Paws Fresh Adult Chilled Fresh Dog Food Chunky Beef Mince | 600g", "price": "$5.50", "price_calculation": "$0.92 per 100g", "category": "Pet"},
{"title": "Sunrice Long Grain Brown Rice Cup 2 pack | 250g", "price": "$2.40", "price_calculation": "$0.96 per 100g", "category": "Bonus Cookware Credits"},
{"title": "Fancy Feast Creamy Delights With Pate Chicken Cat Food | 85g", "price": "$1.90", "price_calculation": "$2.24 per 100g", "category": "Pet"},
{"title": "Tamar Valley Greek Yoghurt | 1kg", "price": "$8.00", "price_calculation": "$0.80 per 100g", "category": "Bonus Cookware Credits"},
{"title": "Fussy Cat Grain Free Adult Dry Cat food Chicken & Turkey With Cranberry | 500g", "price": "$4.80", "price_calculation": "$0.96 per 100g", "category": "Pet"},
{"title": "Bulla Thickened Cream | 600mL", "price": "$6.00", "price_calculation": "$1.00 per 100mL", "category": "Bonus Cookware Credits"},
{"title": "Prime 100 Dog Roll Chicken With Broccoli & Apple Dog Food | 1.7kg", "price": "$9.28", "price_calculation": "$0.55 per 100g", "category": "Pet"},
{"title": "Sanitarium Up&Go Liquid Breakfast Protein Energize Choc Fridge Pack 12X250mL | 3L", "price": "$14.50", "price_calculation": "$4.83 per 1L", "category": "Bonus Cookware Credits"},
{"title": "Fancy Feast Classic Cat Food Chicken Feast In Gravy | 85g", "price": "$1.90", "price_calculation": "$2.24 per 100g", "category": "Pet"},
{"title": "I&J Raw Prawns Tail On | 500g", "price": "$24.00", "price_calculation": "$48.00 per 1kg", "category": "Bonus Cookware Credits"},
{"title": "Nature's Gift Adult Chilled Fresh Dog Food Deli Roll Beef Potato Carrots & Peas | 200g", "price": "$2.00", "price_calculation": "$1.00 per 100g", "category": "Pet"},
{"title": "Coles Finest By Laurent White Sourdough Rolls | 3 pack", "price": "$3.50", "price_calculation": "$1.17 per 1ea", "category": "Bonus Cookware Credits"},
{"title": "Fancy Feast Classic Cat Food Tender Chicken & Liver | 85g", "price": "$1.90", "price_calculation": "$2.24 per 100g", "category": "Pet"},
{"title": "Coles Finest By Laurent White Sourdough Vienna | 1 pack", "price": "$6.50", "price_calculation": "$6.50 per 1ea", "category": "Bonus Cookware Credits"},
{"title": "Nature's Gift Adult Chilled Fresh Dog Food Deli Roll Chicken Brown Rice & Vegetables | 200g", "price": "$2.00", "price_calculation": "$1.00 per 100g", "category": "Pet"},
{"title": "Golden Circle 100% Apple Juice No Added Sugar Fruit Juice | 2L", "price": "$3.50", "price_calculation": "$1.75 per 1L", "category": "Bonus Cookware Credits"},
{"title": "Whiskas Kitten Chicken And Tuna Adult Dry Cat Food | 800g", "price": "$6.50", "price_calculation": "$0.81 per 100g", "category": "Pet"},
{"title": "Primo Short Cut Bacon | 1 kg", "price": "$18.90", "price_calculation": "$18.90 per 1kg", "category": "Bonus Cookware Credits"},
{"title": "Whiskas Chicken And Rabbit Adult Dry Cat Food | 800g", "price": "$6.50", "price_calculation": "$0.81 per 100g", "category": "Pet"},
{"title": "Nescafe Blend 43 Instant Coffee | 150g", "price": "$5.75", "price_calculation": "$3.83 per 100g", "category": "Bonus Cookware Credits"},
{"title": "My Dog Classic Loaf With Juicy Lamb & Hearty Liver Can Wet Dog Food | 400g", "price": "$2.10", "price_calculation": "$0.53 per 100g", "category": "Pet"},
{"title": "Continental Cup A Soup Creamy Chicken & Corn With Croutons Serves 2 | 60g", "price": "$2.80", "price_calculation": "$4.67 per 100g", "category": "Bonus Cookware Credits"},
{"title": "Pedigree Dentastix Small Dog Treats Daily Oral Care Dental Chews | 7 pack", "price": "$6.50", "price_calculation": "$0.93 per 1ea", "category": "Pet"},
{"title": "I&J Raw Prawns Extra Large Tail On | 500g", "price": "$27.00", "price_calculation": "$54.00 per 1kg", "category": "Bonus Cookware Credits"},
{"title": "Coles Cat Litter Clay | 10kg", "price": "$6.60", "price_calculation": "$0.66 per 1kg", "category": "Pet"},
{"title": "Dream Whip Whipped Dairy Topping Cream | 250g", "price": "$5.60", "price_calculation": "$2.24 per 100g", "category": "Bonus Cookware Credits"},
{"title": "My Dog Classic Loaf With Gourmet Beef Can Wet Dog Food | 400g", "price": "$2.10", "price_calculation": "$0.53 per 100g", "category": "Pet"},
{"title": "Kettle Potato Chips Honey Baked Ham | 150g", "price": "$3.00", "price_calculation": "$2.00 per 100g", "category": "Bonus Cookware Credits"},
{"title": "Fussy Cat Grain Free Adult Chilled Fresh Cat Food Prime Steak Mince | 450g", "price": "$6.50", "price_calculation": "$1.44 per 100g", "category": "Pet"},
{"title": "Sunrice Medium Grain Brown Rice | 5kg", "price": "$19.00", "price_calculation": "$0.38 per 100g", "category": "Bonus Cookware Credits"},
{"title": "Vitapet Chicken Tenders Dog Treat | 200g", "price": "$14.50", "price_calculation": "$7.25 per 100g", "category": "Pet"},
{"title": "Bulla Dollop Thick Cream | 200mL", "price": "$3.80", "price_calculation": "$1.90 per 100mL", "category": "Bonus Cookware Credits"},
{"title": "Coles Cat Litter Recycled Paper | 21L", "price": "$21.00", "price_calculation": "$1.00 per 1L", "category": "Pet"},
{"title": "Glad To Be Green Compostable Kitchen Liners Small | 20 pack", "price": "$4.40", "price_calculation": "$0.22 per 1ea", "category": "Bonus Cookware Credits"},
{"title": "Applaws Cat Food Tuna With Prawn | 70g", "price": "$1.85", "price_calculation": "$2.64 per 100g", "category": "Pet"},
{"title": "Kettle Natives Lime & Pepper | 150g", "price": "$3.00", "price_calculation": "$2.00 per 100g", "category": "Bonus Cookware Credits"},
{"title": "My Dog Classic Loaf With Wholesome Chicken & Turkey Can Wet Dog Food | 400g", "price": "$2.10", "price_calculation": "$0.53 per 100g", "category": "Pet"},
{"title": "Continental Cup A Soup Creamy Chicken With Lots Of Noodles Serves 2 | 60g", "price": "$2.80", "price_calculation": "$4.67 per 100g", "category": "Bonus Cookware Credits"},
{"title": "My Dog Classic Loaf With Sardine Tuna & Spring Vegetables Can Wet Dog Food | 400g", "price": "$2.10", "price_calculation": "$0.53 per 100g", "category": "Pet"},
{"title": "Pets Own Dog & Puppy Milk | 1L", "price": "$4.25", "price_calculation": "$0.43 per 100mL", "category": "Pet"},
{"title": "Temptations Seafood Medley Flavour Cat Treats | 85g", "price": "$5.00", "price_calculation": "$5.88 per 100g", "category": "Pet"},
{"title": "Sakata Classic BBQ Rice Crackers | 100g", "price": "$2.30", "price_calculation": "$2.30 per 100g", "category": "Dropped & Locked"},
{"title": "Coles Asia Premium Thai Coconut Cream | 400mL", "price": "$2.00", "price_calculation": "$0.50 per 100mL", "category": "Dropped & Locked"},
{"title": "Arnott's Venetian Biscuits | 200g", "price": "$3.00", "price_calculation": "$1.50 per 100g", "category": "Dropped & Locked"},
{"title": "Queen Sugar Free Maple Flavoured Syrup | 355mL", "price": "$3.75", "price_calculation": "$1.06 per 100mL", "category": "Dropped & Locked"},
{"title": "Latina Fresh Beef Ravioli | 625g", "price": "$8.50", "price_calculation": "$1.36 per 100g", "category": "Dropped & Locked"},
{"title": "Popcorners Gluten Free Snacks Sweet & Salty | 85g", "price": "$3.00", "price_calculation": "$3.53 per 100g", "category": "Dropped & Locked"},
{"title": "Lay's Stax Sour Cream & Onion | 135g", "price": "$3.50", "price_calculation": "$2.59 per 100g", "category": "Dropped & Locked"},
{"title": "Coles Boneless Pork Leg Roast | approx 2.1kg", "price": "$19.95", "price_calculation": "$9.50 per 1kg", "category": "Dropped & Locked"},
{"title": "Cheezels Cheese Snacks | 190g", "price": "$4.00", "price_calculation": "$2.11 per 100g", "category": "Dropped & Locked"},
{"title": "Steggles Frozen Crumbed Chicken Breast Nuggets | 400g", "price": "$4.95", "price_calculation": "$12.38 per 1kg", "category": "Dropped & Locked"},
{"title": "Kellogg's Rice Bubbles Puffed Rice Breakfast Cereal | 410g", "price": "$5.40", "price_calculation": "$1.32 per 100g", "category": "Dropped & Locked"},
{"title": "Coles Squeezie Vanilla Yoghurt Pouch | 70g", "price": "$0.75", "price_calculation": "$1.07 per 100g", "category": "Dropped & Locked"},
{"title": "Lay's Stax Original | 135g", "price": "$3.50", "price_calculation": "$2.59 per 100g", "category": "Dropped & Locked"},
{"title": "Coles Banana Muffin Bars | 420g", "price": "$5.25", "price_calculation": "$1.25 per 100g", "category": "Dropped & Locked"},
{"title": "Red Tractor Australian Rolled Oats | 1kg", "price": "$4.75", "price_calculation": "$0.48 per 100g", "category": "Dropped & Locked"},
{"title": "Herbert Adams Seasonal Garden Vegetable Pastie 4 pack | 700g", "price": "$7.50", "price_calculation": "$1.07 per 100g", "category": "Dropped & Locked"},
{"title": "McKenzie's Split Red Lentils | 375g", "price": "$2.30", "price_calculation": "$0.61 per 100g", "category": "Dropped & Locked"},
{"title": "Sakata Rice Crackers Sour Cream Chive | 100g", "price": "$2.30", "price_calculation": "$2.30 per 100g", "category": "Dropped & Locked"},
{"title": "Cadbury Dark Chocolate Baking Chips | 200g", "price": "$3.50", "price_calculation": "$1.75 per 100g", "category": "Dropped & Locked"},
{"title": "Coles Squeezie Banana Yoghurt Pouch | 70g", "price": "$0.75", "price_calculation": "$1.07 per 100g", "category": "Dropped & Locked"},
{"title": "Coles Mini Parmesan & Onion Pane Di Casa | 1 each", "price": "$2.50", "price_calculation": "$2.50 per 1ea", "category": "Dropped & Locked"},
{"title": "Australia's Own Almond Barista Milk | 1L", "price": "$4.00", "price_calculation": "$4.00 per 1L", "category": "Dropped & Locked"},
{"title": "Steggles Frozen Crumbed Chicken Breast Tenders  | 400g", "price": "$6.00", "price_calculation": "$15.00 per 1kg", "category": "Dropped & Locked"},
{"title": "Coles Finest By Laurent Wholemeal Sourdough Vienna | 1 each", "price": "$6.50", "price_calculation": "$6.50 per 1ea", "category": "Dropped & Locked"},
{"title": "Arnott's Orange Slice Biscuits | 250g", "price": "$3.00", "price_calculation": "$1.20 per 100g", "category": "Dropped & Locked"},
{"title": "Bref Duo Cubes 2 in 1 Formula Cistern Block Toilet Cleaner 2 pack | 100g", "price": "$5.00", "price_calculation": "$5.00 per 100g", "category": "Dropped & Locked"},
{"title": "Coles Boneless Small Pork Loin Roast | approx 1.25kg", "price": "$15.00", "price_calculation": "$12.00 per 1kg", "category": "Dropped & Locked"},
{"title": "Leggo's Creamy Tomato & Mozarella Pasta Bake Sauce | 500g", "price": "$4.00", "price_calculation": "$0.80 per 100g", "category": "Dropped & Locked"},
{"title": "Coles Finest Sourdough Pane Di Casa With Sesame | 1 pack", "price": "$6.50", "price_calculation": "$6.50 per 1ea", "category": "Dropped & Locked"},
{"title": "Coles Finest By Laurent Rye Sourdough Vienna | 1 each", "price": "$6.50", "price_calculation": "$6.50 per 1ea", "category": "Dropped & Locked"},
{"title": "Real Gum Plastic Free Chewing Gum Peppermint | 22g", "price": "$2.00", "price_calculation": "$9.09 per 100g", "category": "Dropped & Locked"},
{"title": "Popcorners Gluten Free Snacks Cheddar Cheese | 85g", "price": "$3.00", "price_calculation": "$3.53 per 100g", "category": "Dropped & Locked"},
{"title": "Popcorners Gluten Free Snacks Sea Salt | 85g", "price": "$3.00", "price_calculation": "$3.53 per 100g", "category": "Dropped & Locked"},
{"title": "Mountain Bread Rye Wraps 8 pack | 200g", "price": "$4.00", "price_calculation": "$2.00 per 100g", "category": "Dropped & Locked"},
{"title": "Coles Bakery Stone Baked Mini Wholemeal Petit Pane Di Casa | 1 each", "price": "$2.50", "price_calculation": "$2.50 per 1ea", "category": "Dropped & Locked"},
{"title": "Coles Kitchen Butternut Pumpkin Soup | 300g", "price": "$3.00", "price_calculation": "$1.00 per 100g", "category": "Dropped & Locked"},
{"title": "Devondale Moo Strawberry Flavoured Milk 200mL | 6 pack", "price": "$5.90", "price_calculation": "$4.92 per 1L", "category": "Dropped & Locked"},
{"title": "Coles Kitchen Chicken & Corn Soup | 300g", "price": "$3.00", "price_calculation": "$1.00 per 100g", "category": "Dropped & Locked"},
{"title": "Uncle Tobys Oats Quick Sachets Breakfast Cereal Creamy Honey Big Bowl | 368g", "price": "$5.80", "price_calculation": "$1.58 per 100g", "category": "Dropped & Locked"},
{"title": "La Espanola Extra Virgin Olive Oil | 500mL", "price": "$7.00", "price_calculation": "$1.40 per 100mL", "category": "Dropped & Locked"},
{"title": "Latina Fresh Veal Tortellini | 625g", "price": "$8.50", "price_calculation": "$1.36 per 100g", "category": "Dropped & Locked"},
{"title": "Coles Kitchen Beef Vegetable And Barley Soup | 300g", "price": "$3.00", "price_calculation": "$1.00 per 100g", "category": "Dropped & Locked"},
{"title": "Steggles Frozen Sweet Chilli Chicken Breast Tenders | 400g", "price": "$6.00", "price_calculation": "$15.00 per 1kg", "category": "Dropped & Locked"},
{"title": "Campbell's Real Stock Chicken Stock | 250mL", "price": "$1.80", "price_calculation": "$0.72 per 100mL", "category": "Dropped & Locked"},
{"title": "McCain Pub Style Fries | 750g", "price": "$4.80", "price_calculation": "$6.40 per 1kg", "category": "Dropped & Locked"},
{"title": "Coles Kitchen Chicken Noodle Soup | 300g", "price": "$3.00", "price_calculation": "$1.00 per 100g", "category": "Dropped & Locked"},
{"title": "Old El Paso Taco Sauce Mild | 200g", "price": "$4.00", "price_calculation": "$2.00 per 100g", "category": "Dropped & Locked"},
{"title": "Praise Traditional 99% Fat Free Mayo | 555g", "price": "$4.00", "price_calculation": "$0.72 per 100g", "category": "Dropped & Locked"},
{"title": "Straten Small Cups 250mL | 50 pack", "price": "$4.50", "price_calculation": "$9.00 per 100ea", "category": "Dropped & Locked"},
{"title": "McKenzie's Soup Mix | 500g", "price": "$1.60", "price_calculation": "$0.32 per 100g", "category": "Dropped & Locked"},
{"title": "Vitasoy Milky Almond Milk | 1L", "price": "$2.90", "price_calculation": "$2.90 per 1L", "category": "Dropped & Locked"},
{"title": "Heritage Mill Clusters Apple Crumble | 750g", "price": "$5.00", "price_calculation": "$0.67 per 100g", "category": "Dropped & Locked"},
{"title": "Latina Fresh Ricotta & Spinach Agnolotti | 625g", "price": "$8.50", "price_calculation": "$1.36 per 100g", "category": "Dropped & Locked"},
{"title": "Doritos Original Corn Chips | 380g", "price": "$6.00", "price_calculation": "$1.58 per 100g", "category": "Dropped & Locked"},
{"title": "Cadbury Cherry Ripe Chocolate Bars Twin Pack | 80g", "price": "$1.80", "price_calculation": "$2.25 per 100g", "category": "Dropped & Locked"},
{"title": "Campbell's Real Stock Beef Stock | 250mL", "price": "$1.80", "price_calculation": "$0.72 per 100mL", "category": "Dropped & Locked"},
{"title": "Real Gum Plastic Free Chewing Gum Spearmint | 22g", "price": "$2.00", "price_calculation": "$9.09 per 100g", "category": "Dropped & Locked"},
{"title": "McCain Pub Style Potato Wedges | 750g", "price": "$4.80", "price_calculation": "$6.40 per 1kg", "category": "Dropped & Locked"},
{"title": "Coles Finest By Laurent 7 Seed & Grain Vienna | 1 each", "price": "$6.50", "price_calculation": "$6.50 per 1ea", "category": "Dropped & Locked"},
{"title": "Sakata Extra Tasty Cheddar Cheese Rice Crackers | 100g", "price": "$2.30", "price_calculation": "$2.30 per 100g", "category": "Dropped & Locked"},
{"title": "Arnott's Biscuits Kingston | 200g", "price": "$3.00", "price_calculation": "$1.50 per 100g", "category": "Dropped & Locked"},
{"title": "Nestle Bakers' Choice Baking Cocoa | 190g", "price": "$4.50", "price_calculation": "$2.37 per 100g", "category": "Dropped & Locked"},
{"title": "Coles Kitchen Tomato & Basil Soup | 300g", "price": "$3.00", "price_calculation": "$1.00 per 100g", "category": "Dropped & Locked"},
{"title": "Cadbury White Chocolate Baking Chips | 200g", "price": "$3.50", "price_calculation": "$1.75 per 100g", "category": "Dropped & Locked"},
{"title": "Bundaberg Brewed Ginger Beer 6X200mL | 6 pack", "price": "$5.15", "price_calculation": "$4.29 per 1L", "category": "Dropped & Locked"},
{"title": "Coles Bakery Stone Baked Mini Rye Pane Di Casa | 1 each", "price": "$2.50", "price_calculation": "$2.50 per 1ea", "category": "Dropped & Locked"},
{"title": "Coles Kitchen Broccoli Cauliflower & Parmesan Soup | 300g", "price": "$3.00", "price_calculation": "$1.00 per 100g", "category": "Dropped & Locked"},
{"title": "Leggo's Creamy Sundried Tomato & Garlic Pasta Bake Sauce | 500g", "price": "$4.00", "price_calculation": "$0.80 per 100g", "category": "Dropped & Locked"},
{"title": "Heritage Mill Clusters Crunchy Nut | 750g", "price": "$5.00", "price_calculation": "$0.67 per 100g", "category": "Dropped & Locked"},
{"title": "Coles Kitchen Chicken & Vegetable Soup | 300g", "price": null, "price_calculation": null, "category": "Dropped & Locked"},
{"title": "Heritage Mill Clusters Berry Bliss | 750g", "price": "$5.00", "price_calculation": "$0.67 per 100g", "category": "Dropped & Locked"},
{"title": "Provedore Free Range Chorizo | 200g", "price": "$6.50", "price_calculation": "$32.50 per 1kg", "category": "Dropped & Locked"},
{"title": "Arnott's Iced VoVo Biscuits | 210g", "price": "$3.00", "price_calculation": "$1.43 per 100g", "category": "Dropped & Locked"},
{"title": "Coles Kitchen Pea & Ham Soup | 300g", "price": "$3.00", "price_calculation": "$1.00 per 100g", "category": "Dropped & Locked"},
{"title": "Coles Kitchen Chicken Laksa Soup | 300g", "price": "$3.00", "price_calculation": "$1.00 per 100g", "category": "Dropped & Locked"},
{"title": "Cadbury Dairy Milk Chocolate Bar | 75g", "price": "$1.80", "price_calculation": "$2.40 per 100g", "category": "Dropped & Locked"},
{"title": "Straten Small Cups 250mL | 20 pack", "price": "$2.25", "price_calculation": "$0.11 per 1ea", "category": "Dropped & Locked"},
{"title": "Old El Paso Regular Tortillas Fajita 6 Pack | 240g", "price": "$4.00", "price_calculation": "$1.67 per 100g", "category": "Dropped & Locked"},
{"title": "Latina Dy Pasta Sauce Italian Tomato Garlic | 700g", "price": "$7.50", "price_calculation": "$1.07 per 100g", "category": "Dropped & Locked"},
{"title": "Crisco Blended Vegetable Oil | 2L", "price": "$9.00", "price_calculation": "$0.45 per 100mL", "category": "Dropped & Locked"},
{"title": "McKenzie's Whole Green Lentils | 375g", "price": "$2.30", "price_calculation": "$0.61 per 100g", "category": "Dropped & Locked"},
{"title": "Tic Tac Peppermint | 49g", "price": "$3.20", "price_calculation": "$6.53 per 100g", "category": "Dropped & Locked"},
{"title": "Coles Finest By Laurent Black Olive And Chilli Vienna | 1 each", "price": "$6.50", "price_calculation": "$6.50 per 1ea", "category": "Dropped & Locked"},
{"title": "Coles Beef Tender Blade Roast | approx 1kg", "price": "$16.00", "price_calculation": "$16.00 per 1kg", "category": "Dropped & Locked"},
{"title": "Moro Primero Extra Virgin Olive Oil | 4L", "price": "$43.00", "price_calculation": "$1.08 per 100mL", "category": "Dropped & Locked"},
{"title": "Cadbury Twirl Chocolate Bar | 58g", "price": "$1.80", "price_calculation": "$3.10 per 100g", "category": "Dropped & Locked"},
{"title": "Real Gum Plastic Free Chewing Gum Fruity Fresh | 22g", "price": "$2.00", "price_calculation": "$9.09 per 100g", "category": "Dropped & Locked"},
{"title": "Sakata Wholegrain Rice Cracker Sweet Chilli Sour Cream | 90g", "price": "$2.30", "price_calculation": "$2.56 per 100g", "category": "Dropped & Locked"},
{"title": "Coles Ibuprofen Mini Capsules Bottle | 25 pack", "price": "$2.50", "price_calculation": "$0.10 per 1ea", "category": "Dropped & Locked"},
{"title": "Nivea Black And White Clear Invisible Roll On Antiperspirant Deodorant | 50mL", "price": "$3.69", "price_calculation": "$7.38 per 100mL", "category": "Dropped & Locked"},
{"title": "Leggos Tuna Bake Pasta Sauce | 500g", "price": "$4.00", "price_calculation": "$0.80 per 100g", "category": "Dropped & Locked"},
{"title": "Red Tractor Australian Instant Oats | 1kg", "price": "$4.75", "price_calculation": "$0.48 per 100g", "category": "Dropped & Locked"},
{"title": "Herbert Adams Cheese & Spinach Rolls | 380g", "price": "$5.30", "price_calculation": "$1.39 per 100g", "category": "Dropped & Locked"},
{"title": "Steggles Frozen Southern Style Chicken Breast Tenders  | 400g", "price": "$6.00", "price_calculation": "$15.00 per 1kg", "category": "Dropped & Locked"},
{"title": "Coles Hass Avocados | 1 each", "price": "$1.50", "price_calculation": "$1.50 per 1ea", "category": "Winter Essentials"},
{"title": "Old El Paso Hard N Soft Taco Kit Mexican Style | 350g", "price": "$6.65", "price_calculation": "$1.90 per 100g", "category": "Winter Essentials"},
{"title": "Mckenzies Five Bean Mix | 375g", "price": "$2.30", "price_calculation": "$0.61 per 100g", "category": "Dropped & Locked"},
{"title": "Jack Daniels Whiskey 700mL | 1 Each", "price": "$52.00", "price_calculation": "$74.29 per 1L", "category": "Winter Essentials"},
{"title": "Cafe Peak Mega Hit Iced Long Black Coffee | 240mL", "price": "$2.40", "price_calculation": "$10.00 per 1L", "category": "Dropped & Locked"},
{"title": "Nurofen Zavance Fast Pain Relief Caplets 256mg Ibuprofen | 24 pack", "price": "$7.50", "price_calculation": "$0.31 per 1ea", "category": "Winter Essentials"},
{"title": "Golden Circle Cordial Sarsaparilla Cordial | 2L", "price": "$3.90", "price_calculation": "$1.95 per 1L", "category": "Dropped & Locked"},
{"title": "Nurofen Cold and Flu Multi-Symptom Relief Tablets 200mg Ibuprofen | 12 pack", "price": "$9.00", "price_calculation": "$0.75 per 1ea", "category": "Winter Essentials"},
{"title": "Mingle All Purpose Seasoning | 50g", "price": "$4.00", "price_calculation": "$0.80 per 10g", "category": "Dropped & Locked"},
{"title": "Cenovis Mega Vitamin C 1000mg Tablets For Immunity | 60 pack", "price": "$5.55", "price_calculation": "$0.09 per 1ea", "category": "Winter Essentials"},
{"title": "Mingle Spicy Mexican Seasoning | 50g", "price": "$4.00", "price_calculation": "$0.80 per 10g", "category": "Dropped & Locked"},
{"title": "Nestle Milo Chocolate Malt Powder Drink Hot Or Cold | 1kg", "price": "$12.00", "price_calculation": "$1.20 per 100g", "category": "Winter Essentials"},
{"title": "Mingle Seasoning Holy Moly Guacamole | 50g", "price": "$4.00", "price_calculation": "$0.89 per 10g", "category": "Dropped & Locked"},
{"title": "Barker's Strawberry Jam | 455g", "price": "$6.30", "price_calculation": "$1.38 per 100g", "category": "Winter Essentials"},
{"title": "Queen Victoria Tea Defend Blend Tea Bags | 18 pack", "price": "$4.50", "price_calculation": "$0.25 per 1ea", "category": "Dropped & Locked"},
{"title": "Panadol Rapid Caplets for Pain Relief Paracetamol 500mg | 20 pack", "price": "$6.00", "price_calculation": "$0.30 per 1ea", "category": "Winter Essentials"},
{"title": "Red Tractor Collagen Granola Honey Cashew | 450g", "price": "$7.70", "price_calculation": "$1.71 per 100g", "category": "Dropped & Locked"},
{"title": "Panadol Optizorb Paracetamol Caplets | 20 pack", "price": "$4.00", "price_calculation": "$0.20 per 1ea", "category": "Winter Essentials"},
{"title": "Birds Eye Steamfresh Fish Soy & Ginger | 380g", "price": "$9.00", "price_calculation": "$23.68 per 1kg", "category": "Dropped & Locked"},
{"title": "Saltram 1859 Barossa Shiraz 750mL | 1 Each", "price": "$15.00", "price_calculation": "$20.00 per 1L", "category": "Winter Essentials"},
{"title": "Cornish Sea Salt Crystals | 400g", "price": "$9.00", "price_calculation": "$0.23 per 10g", "category": "Dropped & Locked"},
{"title": "Starbucks Signature Hot Chocolate 42% Cocoa | 330g", "price": "$8.60", "price_calculation": "$2.61 per 100g", "category": "Winter Essentials"},
{"title": "Betadine Sore Throat Lozenges Anaesthetic Berry | 36 pack", "price": "$10.00", "price_calculation": "$0.28 per 1ea", "category": "Dropped & Locked"},
{"title": "Coles Imperial Mandarins Medium | approx 80g", "price": "$0.28", "price_calculation": "$3.50 per 1kg", "category": "Winter Essentials"},
{"title": "Radiant Laundry Liquid Whites & Colours | 4L", "price": "$23.00", "price_calculation": "$5.75 per 1L", "category": "Dropped & Locked"},
{"title": "Coles Red Capsicum | approx 200g", "price": "$1.18", "price_calculation": "$5.90 per 1kg", "category": "Winter Essentials"},
{"title": "Coles Glitter Number Candle No 9 | 1 each", "price": "$1.40", "price_calculation": "$1.40 per 1ea", "category": "Dropped & Locked"},
{"title": "Fresh Strawberries Prepacked | 250g", "price": "$6.00", "price_calculation": "$24.00 per 1kg", "category": "Winter Essentials"},
{"title": "Coles Acrylic Plaque Gold & Silver Oh Baby | 1 each", "price": "$3.00", "price_calculation": "$3.00 per 1ea", "category": "Dropped & Locked"},
{"title": "Coles Sweet Gold Potatoes Loose | approx 350g", "price": "$1.57", "price_calculation": "$4.50 per 1kg", "category": "Winter Essentials"},
{"title": "Coles Rainbow Scene Setter | 1 each", "price": "$3.15", "price_calculation": "$3.15 per 1ea", "category": "Dropped & Locked"},
{"title": "Coles Medium Navel Oranges | approx 180g", "price": "$0.52", "price_calculation": "$2.90 per 1kg", "category": "Winter Essentials"},
{"title": "Coles Finest All Butter Gouda & Edam Seeded Straws Crackers | 100g", "price": "$3.50", "price_calculation": "$3.50 per 100g", "category": "Dropped & Locked"},
{"title": "Coles Facial Tissues White | 224 pack", "price": "$1.70", "price_calculation": "$0.76 per 100ea", "category": "Winter Essentials"},
{"title": "Nivea Women Deodorant Intense Protection Roll On Fresh | 50mL", "price": "$3.69", "price_calculation": "$7.38 per 100mL", "category": "Dropped & Locked"},
{"title": "Pine O Cleen Disinfectant Wipes Lemon | 110 pack", "price": "$12.00", "price_calculation": "$10.91 per 100ea", "category": "Winter Essentials"},
{"title": "Australian Organic 8 Vegetable Minestrone Soup | 330g", "price": "$3.90", "price_calculation": "$1.18 per 100g", "category": "Dropped & Locked"},
{"title": "Western Star Traditional Spreadable Butter Blend | 500g", "price": "$6.00", "price_calculation": "$1.20 per 100g", "category": "Winter Essentials"},
{"title": "Provedore Salami Crumb | 100g", "price": "$4.00", "price_calculation": "$40.00 per 1kg", "category": "Dropped & Locked"},
{"title": "Coles Green Capsicum Loose | approx 250g", "price": "$1.48", "price_calculation": "$5.90 per 1kg", "category": "Winter Essentials"},
{"title": "Coles Round Black Acrylic Happy Birthday Plaque | 1 each", "price": "$4.05", "price_calculation": "$4.05 per 1ea", "category": "Dropped & Locked"},
{"title": "Coles Carrots Loose | approx 170g", "price": "$0.42", "price_calculation": "$2.50 per 1kg", "category": "Winter Essentials"},
{"title": "Vogel's Hazelnut Honey And Cinnamon Crunchy Clusters | 450g", "price": "$5.50", "price_calculation": "$1.22 per 100g", "category": "Dropped & Locked"},
{"title": "Coles Washed Potatoes | 2kg", "price": "$7.50", "price_calculation": "$3.75 per 1kg", "category": "Winter Essentials"},
{"title": "Old Time Bakery Gluten Free  Multigrain Wraps | 250g", "price": "$5.80", "price_calculation": "$2.32 per 100g", "category": "Dropped & Locked"},
{"title": "McCormick Produce Partner Italia Roast Potatoes | 40g", "price": "$1.80", "price_calculation": "$4.50 per 100g", "category": "Winter Essentials"},
{"title": "Old Time Bakery Gluten Free Lebanese Wholemeal Bread | 250g", "price": "$5.80", "price_calculation": "$2.32 per 100g", "category": "Dropped & Locked"},
{"title": "Coles Garlic Bread Twin Pack | 450g", "price": "$2.30", "price_calculation": "$0.51 per 100g", "category": "Winter Essentials"},
{"title": "Charlotte'S Bakery Slow Cooked Beef & Ale Potato Top Pies 2 Pack | 400g", "price": "$8.20", "price_calculation": "$2.05 per 100g", "category": "Dropped & Locked"},
{"title": "Tip Top Original English Muffins 6 Pack | 400g", "price": "$3.00", "price_calculation": "$0.75 per 100g", "category": "Winter Essentials"},
{"title": "Elastoplast Sport Rigid Strapping Tape | 1 pack", "price": "$10.00", "price_calculation": "$10.00 per 1ea", "category": "Dropped & Locked"},
{"title": "Kleenex Everyday 2 Ply Facial Tissues | 200 pack", "price": "$3.00", "price_calculation": "$1.50 per 100ea", "category": "Winter Essentials"},
{"title": "Coles Glitter Number Candle No 6 | 1 each", "price": "$1.40", "price_calculation": "$1.40 per 1ea", "category": "Dropped & Locked"},
{"title": "Tip Top Cafe Bread Raisin Toast | 650g", "price": "$5.00", "price_calculation": "$0.77 per 100g", "category": "Winter Essentials"},
{"title": "Cadbury Boost Chocolate Bars Twin Pack | 77g", "price": "$1.80", "price_calculation": "$2.34 per 100g", "category": "Dropped & Locked"},
{"title": "Campbell's Real Stock Chicken Stock Salt Reduced | 1L", "price": "$2.25", "price_calculation": "$0.23 per 100mL", "category": "Winter Essentials"},
{"title": "Mini Fruit Pana Di Casa | 1 each", "price": null, "price_calculation": null, "category": "Dropped & Locked"},
{"title": "Golden Crumpet Square 6 pack | 425g", "price": "$3.50", "price_calculation": "$0.58 per 1ea", "category": "Winter Essentials"},
{"title": "Coles Glitter Hip Hip Hooray Acrylic Plaque Small | 1 each", "price": "$3.00", "price_calculation": "$3.00 per 1ea", "category": "Dropped & Locked"},
{"title": "Tip Top Raisin Toast Bread | 520g", "price": "$5.20", "price_calculation": "$1.00 per 100g", "category": "Winter Essentials"},
{"title": "Otrivin Baby & Kids Saline Solution Nasal Spray | 15mL", "price": "$9.50", "price_calculation": "$63.34 per 100mL", "category": "Dropped & Locked"},
{"title": "Kleenex Aloe Vera & Vitamin E 3 Ply Facial Tissues | 95 pack", "price": "$2.60", "price_calculation": "$0.03 per 1ea", "category": "Winter Essentials"},
{"title": "Nyal Cold & Flu Fighter Day & Night Tablets | 24 pack", "price": "$11.00", "price_calculation": "$0.46 per 1ea", "category": "Dropped & Locked"},
{"title": "Lipton Black Tea Bags | 100 Pack", "price": "$2.90", "price_calculation": "$0.03 per 1ea", "category": "Winter Essentials"},
{"title": "Whole Earth Baking 100% Natural Sweetener | 600g", "price": "$12.00", "price_calculation": "$2.00 per 100g", "category": "Dropped & Locked"},
{"title": "Quilton Classic White Facial Tissues | 110 pack", "price": "$2.50", "price_calculation": "$2.27 per 100ea", "category": "Winter Essentials"},
{"title": "Dimetapp Botanicals Cough- Cold & Flu+Immune Soft Capsules | 30 pack", "price": "$13.00", "price_calculation": "$0.43 per 1ea", "category": "Dropped & Locked"},
{"title": "Kleenex Aloe Vera & Vitamin E 3 Ply Facial Tissues | 140 pack", "price": "$4.50", "price_calculation": "$3.21 per 100ea", "category": "Winter Essentials"},
{"title": "St Hallett Faith Shiraz 750mL | 1 Each", "price": "$15.00", "price_calculation": "$20.00 per 1L", "category": "Winter Essentials"},
{"title": "Tip Top Wholemeal English Muffins 6 Pack | 400g", "price": "$3.00", "price_calculation": "$0.75 per 100g", "category": "Winter Essentials"},
{"title": "Coles Rolled Oats | 900g", "price": "$1.65", "price_calculation": "$0.18 per 100g", "category": "Winter Essentials"},
{"title": "Coles English Muffins 6 Pack | 400g", "price": "$2.90", "price_calculation": "$0.73 per 100g", "category": "Winter Essentials"},
{"title": "Coles Butternut Pumpkin Whole | approx 2Kg", "price": "$4.00", "price_calculation": "$2.00 per 1kg", "category": "Winter Essentials"},
{"title": "Fight MND 2023 Beanie | 1 each", "price": "$25.00", "price_calculation": "$25.00 per 1ea", "category": "Winter Essentials"},
{"title": "Pepperjack Barossa Shiraz 750mL | 1 Each", "price": "$25.00", "price_calculation": "$33.33 per 1L", "category": "Winter Essentials"},
{"title": "Coles Finest Pure Canadian Maple Syrup | 250mL", "price": "$6.60", "price_calculation": "$2.64 per 100mL", "category": "Winter Essentials"},
{"title": "Uncle Tobys Traditional Porridge Oats | 1kg", "price": "$6.50", "price_calculation": "$0.65 per 100g", "category": "Winter Essentials"},
{"title": "Nutella Hazelnut Chocolate Spread | 750g", "price": "$7.80", "price_calculation": "$1.04 per 100g", "category": "Winter Essentials"},
{"title": "McGuigan Black Label Red Blend 750mL | 1 Each", "price": "$8.00", "price_calculation": "$10.67 per 1L", "category": "Winter Essentials"},
{"title": "Coles Pikelets 8 pack | 200g", "price": "$2.20", "price_calculation": "$1.10 per 100g", "category": "Winter Essentials"},
{"title": "Campbell's Country Ladle Soup Can Creamy Chicken | 500g", "price": "$2.25", "price_calculation": "$0.45 per 100g", "category": "Winter Essentials"},
{"title": "Uncle Tobys Quick Oats Porridge | 1kg", "price": "$6.50", "price_calculation": "$0.65 per 100g", "category": "Winter Essentials"},
{"title": "Nutella Hazelnut Chocolate Spread | 400g", "price": "$5.70", "price_calculation": "$1.43 per 100g", "category": "Winter Essentials"},
{"title": "Coles White Self Raising Flour | 2kg", "price": "$2.20", "price_calculation": "$1.10 per 1kg", "category": "Pantry"},
{"title": "Nestle KitKat Milk Chocolate Share Pack 11 Pieces | 185g", "price": "$5.50", "price_calculation": "$2.97 per 100g", "category": "Pantry"},
{"title": "Nestle Milkybar with Baked Cookies Chocolate Block | 180g", "price": "$2.75", "price_calculation": "$1.53 per 100g", "category": "Pantry"},
{"title": "Arnott's Shortbread Cream Biscuits | 250g", "price": "$3.00", "price_calculation": "$1.20 per 100g", "category": "Pantry"},
{"title": "Cobs Sweet & Salty Gluten Free Popcorn | 120g", "price": "$3.50", "price_calculation": "$2.92 per 100g", "category": "Pantry"},
{"title": "Extra Spearmint Sugar Free Chewing Gum 3x27g | 81g", "price": "$4.50", "price_calculation": "$5.56 per 100g", "category": "Pantry"},
{"title": "Kellogg's Corn Flakes Breakfast Cereal | 725g", "price": "$6.00", "price_calculation": "$0.83 per 100g", "category": "Pantry"},
{"title": "Ardmona Crushed Tomatoes | 410g", "price": "$1.80", "price_calculation": "$4.39 per 1kg", "category": "Pantry"},
{"title": "White Wings Plain Flour | 1kg", "price": "$2.00", "price_calculation": "$2.00 per 1kg", "category": "Pantry"},
{"title": "Arnott's Gingernut Biscuits | 250g", "price": "$2.00", "price_calculation": "$0.80 per 100g", "category": "Pantry"},
{"title": "Nestle Aero Peppermint Chocolate Bar | 40g", "price": "$2.20", "price_calculation": "$5.50 per 100g", "category": "Pantry"},
{"title": "Arnott's Malt-O-Milk Biscuits | 250g", "price": "$3.30", "price_calculation": "$1.32 per 100g", "category": "Pantry"},
{"title": "Sanitarium Weet-Bix Bites Wild Berry Cereal | 500g", "price": "$4.50", "price_calculation": "$0.90 per 100g", "category": "Pantry"},
{"title": "Sirena Tuna in Oil Italian Style | 185g", "price": "$3.60", "price_calculation": "$19.46 per 1kg", "category": "Pantry"},
{"title": "Coles Blended Vegetable Oil | 2L", "price": "$7.40", "price_calculation": "$0.37 per 100mL", "category": "Pantry"},
{"title": "Nestle KitKat Milkybar White Chocolate Bar | 45g", "price": "$2.20", "price_calculation": "$4.89 per 100g", "category": "Pantry"},
{"title": "Coles Strawberry Jam | 450g", "price": "$2.50", "price_calculation": "$0.56 per 100g", "category": "Pantry"},
{"title": "Arnott's Cracked Pepper Savoy Crackers | 225g", "price": "$3.00", "price_calculation": "$1.33 per 100g", "category": "Pantry"},
{"title": "Cadbury Dairy Milk Freddo Chocolate Bar | 35g", "price": "$1.00", "price_calculation": "$2.86 per 100g", "category": "Pantry"},
{"title": "CSR Raw Sugar | 1kg", "price": "$2.80", "price_calculation": "$0.28 per 100g", "category": "Pantry"},
{"title": "The Natural Confectionery Co. Fruit Salad Soft Jellies | 220g", "price": "$4.00", "price_calculation": "$1.82 per 100g", "category": "Pantry"},
{"title": "Maggi 2 Minute Noodles Masala | 560g", "price": "$4.50", "price_calculation": "$0.80 per 100g", "category": "Pantry"},
{"title": "Maggi 2 Minute Chicken Flavour Noodles 5 Pack | 360g", "price": "$5.00", "price_calculation": "$1.39 per 100g", "category": "Pantry"},
{"title": "Nescafe Blend 43 Instant Coffee | 150g", "price": "$5.75", "price_calculation": "$3.83 per 100g", "category": "Pantry"},
{"title": "Carman's Dark Choc & Cranberry Gourmet Protein Bar 5 pack | 200g", "price": "$6.00", "price_calculation": "$3.00 per 100g", "category": "Pantry"},
{"title": "John West Tempters Tuna in Olive Oil | 95g", "price": "$2.00", "price_calculation": "$21.05 per 1kg", "category": "Pantry"},
{"title": "Grain Waves Caramelised Onion And Balsamic Vinegar Chips | 170g", "price": "$2.40", "price_calculation": "$1.41 per 100g", "category": "Pantry"},
{"title": "Arnott's Shapes Cheese & Bacon Cracker Biscuits | 180g", "price": "$2.75", "price_calculation": "$1.53 per 100g", "category": "Pantry"},
{"title": "Trolli Britecrawlers | 150g", "price": "$2.30", "price_calculation": "$1.53 per 100g", "category": "Pantry"},
{"title": "Twisties Chicken | 90g", "price": "$2.70", "price_calculation": "$3.00 per 100g", "category": "Pantry"},
{"title": "Arnott's Lemon Crisp Biscuits | 250g", "price": "$3.00", "price_calculation": "$1.20 per 100g", "category": "Pantry"},
{"title": "Infuzions Veggie Straws Sour Cream & Herb | 90g", "price": "$4.30", "price_calculation": "$4.78 per 100g", "category": "Pantry"},
{"title": "Coles Chopped Tomatoes Canned | 400g", "price": "$0.95", "price_calculation": "$2.38 per 1kg", "category": "Pantry"},
{"title": "Coles Biscuits Scotch Fingers | 250g", "price": "$1.25", "price_calculation": "$0.50 per 100g", "category": "Pantry"},
{"title": "Coles Plain Rice Crackers | 100g", "price": "$0.90", "price_calculation": "$0.90 per 100g", "category": "Pantry"},
{"title": "Coles Tomatoes Crushed Basil & Oregano | 400g", "price": "$1.30", "price_calculation": "$3.25 per 1kg", "category": "Pantry"},
{"title": "Nestle Crunch Chocolate Block | 200g", "price": "$2.75", "price_calculation": "$1.38 per 100g", "category": "Pantry"},
{"title": "Barilla Spaghetti No 5 | 500g", "price": "$2.80", "price_calculation": "$0.56 per 100g", "category": "Pantry"},
{"title": "Continental Cup A Soup Creamy Chicken & Corn With Croutons Serves 2 | 60g", "price": "$2.80", "price_calculation": "$4.67 per 100g", "category": "Pantry"},
{"title": "Doritos Corn Chips Mexicana Share Pack | 170g", "price": "$3.35", "price_calculation": "$1.97 per 100g", "category": "Pantry"},
{"title": "Coles Rice Jasmine | 1kg", "price": "$3.35", "price_calculation": "$0.34 per 100g", "category": "Pantry"},
{"title": "Pringles Salt & Vinegar Flavour Stacked Potato Chips | 134g", "price": "$2.50", "price_calculation": "$1.87 per 100g", "category": "Pantry"},
{"title": "Pringles Original Salted Stacked Potato Chips | 53g", "price": "$2.50", "price_calculation": "$4.72 per 100g", "category": "Pantry"},
{"title": "Lotus Biscoff Biscuits 8X2 pack | 124g", "price": "$2.65", "price_calculation": "$2.14 per 100g", "category": "Pantry"},
{"title": "Arnott's Shapes Multipack Variety 15 Pack | 375g", "price": "$5.50", "price_calculation": "$1.47 per 100g", "category": "Pantry"},
{"title": "Coles Spirals Pasta | 500g", "price": "$0.90", "price_calculation": "$0.18 per 100g", "category": "Pantry"},
{"title": "Coles Canola Oil | 750mL", "price": "$3.95", "price_calculation": "$0.53 per 100mL", "category": "Pantry"},
{"title": "Coles Italian Tomato Paste | 140g", "price": "$0.90", "price_calculation": "$0.64 per 100g", "category": "Pantry"},
{"title": "Mavella Superfoods Brain Boost Smoothie | 100g", "price": "$25.00", "price_calculation": "$25.00 per 100g", "category": "Pantry"},
{"title": "Coles Durum Wheat Pasta Large Spirals | 500g", "price": "$1.00", "price_calculation": "$0.20 per 100g", "category": "Pantry"},
{"title": "Mavella Superfoods All Things Blue (Blue Spirulina+Butterfly Pea + Blueberry) | 100g", "price": "$25.00", "price_calculation": "$25.00 per 100g", "category": "Pantry"},
{"title": "Loacker Quadratini Bite Size Hazelnut Wafers | 125g", "price": "$1.90", "price_calculation": "$1.52 per 100g", "category": "Pantry"},
{"title": "Bsc Bodyscience Pre-workout Powder Coffee | 150g", "price": null, "price_calculation": null, "category": "Pantry"},
{"title": "TCC Coconut Milk | 400mL", "price": "$2.30", "price_calculation": "$0.58 per 100mL", "category": "Pantry"},
{"title": "Lavazza Tales Of Italy Alluring Napoli Premium Coffee Beans | 500g", "price": null, "price_calculation": null, "category": "Pantry"},
{"title": "Arnott's Vita-Weat 9 Grain Mgrain Crispbread | 250g", "price": "$2.50", "price_calculation": "$1.00 per 100g", "category": "Pantry"},
{"title": "Lavazza Tales Of Italy Eternal Roma Premium Coffee Beans | 500g", "price": null, "price_calculation": null, "category": "Pantry"},
{"title": "Sunrice Long Grain Brown Rice Cup 2 pack | 250g", "price": "$2.40", "price_calculation": "$0.96 per 100g", "category": "Pantry"},
{"title": "Nature's Way Protein Figure Vanilla Powder | 400g", "price": "$26.00", "price_calculation": "$6.50 per 100g", "category": "Pantry"},
{"title": "Coles Pasta Penne | 500g", "price": "$0.90", "price_calculation": "$0.18 per 100g", "category": "Pantry"},
{"title": "Morlife Certified Organic Camu Camu Powder | 100g", "price": "$27.00", "price_calculation": "$27.00 per 100g", "category": "Pantry"},
{"title": "Coles White Self Raising Flour | 1kg", "price": "$1.25", "price_calculation": "$1.25 per 1kg", "category": "Pantry"},
{"title": "Morlife Complete Gut Restore Tropical Mango Powder | 100g", "price": "$27.50", "price_calculation": "$27.50 per 100g", "category": "Pantry"},
{"title": "Coles Squeezy Sauce Tomato | 500mL", "price": "$1.80", "price_calculation": "$0.36 per 100mL", "category": "Pantry"},
{"title": "Laucke White Crusty Calico Bag Bread Mix | 10kg", "price": "$27.60", "price_calculation": "$2.76 per 1kg", "category": "Pantry"},
{"title": "Nestle KitKat Milk Chocolate Value Share Pack 18 pieces | 306g", "price": "$6.00", "price_calculation": null, "category": "Pantry"},
{"title": "Cellucor C4 Sport Watermelon | 285g", "price": "$28.00", "price_calculation": "$9.82 per 100g", "category": "Pantry"},
{"title": "Twinings English Breakfast Tea Bags 100 pack | 200g", "price": "$13.50", "price_calculation": "$0.14 per 1ea", "category": "Pantry"},
{"title": "BSC Essential Amino Bcaa Fuel Super Berry | 270g", "price": "$28.00", "price_calculation": "$10.37 per 100g", "category": "Pantry"},
{"title": "Coles Tomato Salsa Mild | 300g", "price": "$1.50", "price_calculation": "$0.50 per 100g", "category": "Pantry"},
{"title": "BSC Bodyscience Collagen Regenerate Natural | 153g", "price": "$28.00", "price_calculation": "$18.30 per 100g", "category": "Pantry"},
{"title": "Coles Raw Sugar | 2 kg", "price": "$3.20", "price_calculation": "$0.16 per 100g", "category": "Pantry"},
{"title": "Macro Mike Premium Almond Protein Vanilla Buttercream | 240g", "price": "$28.00", "price_calculation": "$11.67 per 100g", "category": "Pantry"},
{"title": "Cadbury Dairy Milk Caramello Koala Chocolate Sharepack | 180g", "price": "$3.50", "price_calculation": "$1.94 per 100g", "category": "Pantry"},
{"title": "Macro Mike Protein Pudding Choc Peanut Butter Truffle | 240g", "price": null, "price_calculation": null, "category": "Pantry"},
{"title": "S & B Golden Curry Mild Curry Sauce Mix | 92g", "price": "$4.00", "price_calculation": "$4.35 per 100g", "category": "Pantry"},
{"title": "Muscle Nation Aminos Raspberry | 180g", "price": null, "price_calculation": null, "category": "Pantry"},
{"title": "La Espanola Extra Virgin Olive Oil | 1L", "price": "$10.00", "price_calculation": "$1.00 per 100mL", "category": "Pantry"},
{"title": "Nature's Way Instant Natural Protein hair Skin & Nails + Collagen | 400g", "price": "$33.00", "price_calculation": "$8.25 per 100g", "category": "Pantry"},
{"title": "Coles Cornflour | 300g", "price": "$1.35", "price_calculation": "$4.50 per 1kg", "category": "Pantry"},
{"title": "Cadbury Favourites Game Tin | 600g", "price": null, "price_calculation": null, "category": "Pantry"},
{"title": "Twisties Cheese Party Size Bag Sharepack | 270g", "price": "$4.00", "price_calculation": "$1.48 per 100g", "category": "Pantry"},
{"title": "St Ali Italo Disco Coffee Beans | 500g", "price": null, "price_calculation": null, "category": "Pantry"},
{"title": "St Dalfour Strawberry Spread | 284g", "price": "$5.70", "price_calculation": "$2.01 per 100g", "category": "Pantry"},
{"title": "Muscle Nation Whey Protein Daily Shake Salted Caramel | 300g", "price": "$35.00", "price_calculation": "$11.67 per 100g", "category": "Pantry"},
{"title": "Nutella Biscuits | 193g", "price": "$6.00", "price_calculation": "$3.11 per 100g", "category": "Pantry"},
{"title": "Muscle Nation Protein Water Mango Passionfruit | 300g", "price": null, "price_calculation": null, "category": "Pantry"},
{"title": "Eclipse Peppermint Sugar Free Mints Tin | 40g", "price": "$3.50", "price_calculation": "$8.75 per 100g", "category": "Pantry"},
{"title": "Muscle Nation Protein Water Kiwi Strawberry | 300g", "price": null, "price_calculation": null, "category": "Pantry"},
{"title": "Capilano Pure Honey Squeeze | 500g", "price": "$6.80", "price_calculation": "$1.36 per 100g", "category": "Pantry"},
{"title": "Muscle Nation Custard Casein Protein Powder Vanilla | 400g", "price": null, "price_calculation": null, "category": "Pantry"},
{"title": "Sanitarium Up&Go Liquid Breakfast Protein Energize Choc Fridge Pack 12X250mL | 3L", "price": "$14.50", "price_calculation": "$4.83 per 1L", "category": "Pantry"},
{"title": "Muscle Nation Custard Plant Protein Powder Double Chocolate | 400g", "price": null, "price_calculation": null, "category": "Pantry"},
{"title": "Ardmona Diced Tomatoes | 400g", "price": "$1.80", "price_calculation": "$4.50 per 1kg", "category": "Pantry"},
{"title": "Muscle Nation Custard Casein Protein Powder Golden Ice Cream | 400g", "price": null, "price_calculation": null, "category": "Pantry"},
{"title": "Kinder Chocolate 16 Treat Share Bag | 200g", "price": "$3.00", "price_calculation": "$1.50 per 100g", "category": "Pantry"},
{"title": "Muscle Nation Custard Plant Protein Powder Salted Caramel | 400g", "price": null, "price_calculation": null, "category": "Pantry"},
{"title": "Cadbury Breakaway Milk Chocolate Biscuit | 180g", "price": "$2.00", "price_calculation": "$1.11 per 100g", "category": "Pantry"},
{"title": "Muscle Nation Plant Protein Water Powder Raspberry | 250g", "price": null, "price_calculation": null, "category": "Pantry"},
{"title": "Coles Wafer Crackers | 100g", "price": "$2.00", "price_calculation": "$2.00 per 100g", "category": "Pantry"},
{"title": "Jed's No.3 Strong Coffee Beans | 1kg", "price": null, "price_calculation": null, "category": "Pantry"},
{"title": "Peckish Original Rice Crackers | 100g", "price": "$2.50", "price_calculation": "$2.50 per 100g", "category": "Pantry"},
{"title": "Jed's No.5 Extra Strong Coffee Beans | 1kg", "price": null, "price_calculation": null, "category": "Pantry"},
{"title": "Moccona Classic Medium Roast Instant Coffee | 400g", "price": "$18.00", "price_calculation": "$4.50 per 100g", "category": "Pantry"},
{"title": "Jed's No.X Extreme Coffee Beans | 1kg", "price": null, "price_calculation": null, "category": "Pantry"},
{"title": "Barilla Pasta Penne Rigati  | 500g", "price": "$2.80", "price_calculation": "$0.56 per 100g", "category": "Pantry"},
{"title": "Dose & Co. Pure Collagen Powder Unflavoured | 200g", "price": "$40.00", "price_calculation": "$20.00 per 100g", "category": "Pantry"},
{"title": "Coles Quick Oats | 900g", "price": "$1.65", "price_calculation": "$0.18 per 100g", "category": "Pantry"},
{"title": "Vital Strength Sport Performance Protein Powder Chocolate | 630g", "price": null, "price_calculation": null, "category": "Pantry"},
{"title": "Nestle Milkybar White Chocolate Block | 180g", "price": "$2.75", "price_calculation": "$1.53 per 100g", "category": "Pantry"},
{"title": "Lavazza Espresso Barista Organic Coffee Beans | 1kg", "price": null, "price_calculation": null, "category": "Pantry"},
{"title": "Sirena Tuna in Oil Italian Style | 95g", "price": "$2.95", "price_calculation": "$31.05 per 1kg", "category": "Pantry"},
{"title": "Celebrity Slim 7 Day Variety 14 Pack | 1 each", "price": "$45.00", "price_calculation": "$3.21 per 1ea", "category": "Pantry"},
{"title": "Coles Durum Wheat Pasta Spaghetti | 500g", "price": "$1.00", "price_calculation": "$0.20 per 100g", "category": "Pantry"},
{"title": "Muscle Nation Destiny Raspberry | 150g", "price": null, "price_calculation": null, "category": "Pantry"},
{"title": "Burger Rings Snacks | 90g", "price": "$2.70", "price_calculation": "$3.00 per 100g", "category": "Pantry"},
{"title": "Muscle Nation Legacy Sport Mango Passion Passionfruit | 225g", "price": null, "price_calculation": null, "category": "Pantry"},
{"title": "Nestle Aero Peppermint Chocolate Block | 118g", "price": "$2.75", "price_calculation": "$2.33 per 100g", "category": "Pantry"},
{"title": "Dose & Co. Collagen Protein Powder Creamy Vanilla | 420g", "price": "$46.00", "price_calculation": "$10.95 per 100g", "category": "Pantry"},
{"title": "Devondale Full Cream Long Life Milk 6 pack | 1.2L", "price": "$6.00", "price_calculation": "$5.00 per 1L", "category": "Pantry"},
{"title": "Dose & Co. Dairy Free Creamer Vanilla | 340g", "price": "$48.30", "price_calculation": "$14.21 per 100g", "category": "Pantry"},
{"title": "Oreo Double Stuff Neapolitan Cookies | 131g", "price": "$1.75", "price_calculation": "$1.34 per 100g", "category": "Pantry"},
{"title": "Dose & Co. Marine Collagen Powder Unflavoured | 200g", "price": "$52.00", "price_calculation": "$26.00 per 100g", "category": "Pantry"},
{"title": "Cadbury Dairy Milk Chunky Chocolate Bar | 50g", "price": "$1.00", "price_calculation": "$2.00 per 100g", "category": "Pantry"},
{"title": "Dose & Co Beauty Collagen Mixed Berry | 200g", "price": "$52.00", "price_calculation": "$26.00 per 100g", "category": "Pantry"},
{"title": "Twix Milk Chocolate Bar with Caramel Biscuit | 50g", "price": "$2.00", "price_calculation": "$4.00 per 100g", "category": "Pantry"},
{"title": "Rapid Loss High Protein Meal Replacement Vanilla | 672g", "price": "$55.00", "price_calculation": "$8.18 per 100g", "category": "Pantry"},
{"title": "Bsc Bodyscience High Protein Powder Chocolate | 800g", "price": null, "price_calculation": null, "category": "Pantry"},
{"title": "Bsc Bodyscience Shred Protein Powder Vanilla | 800g", "price": null, "price_calculation": null, "category": "Pantry"},
{"title": "Cheetos Puffs | 80g", "price": "$2.70", "price_calculation": "$3.38 per 100g", "category": "Pantry"},
{"title": "BSC Bodyscience Perform & Recover Protein Powder Chocolate | 900g", "price": null, "price_calculation": null, "category": "Pantry"},
{"title": "Kellogg's Corn Flakes Breakfast Cereal | 380g", "price": "$4.25", "price_calculation": "$1.12 per 100g", "category": "Pantry"},
{"title": "Musashi Plant Protein Plant Protein Powder Vanilla Flavour | 900g", "price": null, "price_calculation": null, "category": "Pantry"},
{"title": "Arnott's Shapes Cheddar Cracker Biscuits | 175g", "price": "$2.75", "price_calculation": "$1.57 per 100g", "category": "Pantry"},
{"title": "Medjool Dates Medjol Date 5kg Gift Box | 1 each", "price": "$80.00", "price_calculation": "$16.00 per 1kg", "category": "Pantry"},
{"title": "Coles Finest Pure Canadian Maple Syrup | 250mL", "price": "$6.60", "price_calculation": "$2.64 per 100mL", "category": "Pantry"},
{"title": "L'OR Sublime Barsta Capsule Machine | 1 each", "price": "$99.00", "price_calculation": "$99.00 per 1ea", "category": "Pantry"},
{"title": "Coles Lemon Juice | 500mL", "price": "$1.65", "price_calculation": "$0.03 per 10mL", "category": "Pantry"},
{"title": "Coles Original Water Crackers | 125g", "price": "$0.95", "price_calculation": "$0.76 per 100g", "category": "Pantry"},
{"title": "Coles Cereal Corn Flakes | 475g", "price": "$1.90", "price_calculation": "$0.40 per 100g", "category": "Pantry"},
{"title": "Pringles Seriously Cheesy Garlic Flavour | 118g", "price": "$2.50", "price_calculation": "$2.12 per 100g", "category": "Pantry"},
{"title": "Mcvities Digestives Biscuits Plain | 355g", "price": "$3.30", "price_calculation": "$0.93 per 100g", "category": "Pantry"},
{"title": "Uncle Tobys Traditional Porridge Oats | 1kg", "price": "$6.50", "price_calculation": "$0.65 per 100g", "category": "Pantry"},
{"title": "Coles White Sugar | 1kg", "price": "$1.70", "price_calculation": "$0.17 per 100g", "category": "Pantry"},
{"title": "Arnott's Raspberry Shortcake Biscuits | 250g", "price": "$3.00", "price_calculation": "$1.20 per 100g", "category": "Pantry"},
{"title": "Arnott's Marie Plain Biscuits | 250g", "price": "$2.00", "price_calculation": "$0.80 per 100g", "category": "Pantry"},
{"title": "Coles Vegetable Oil Blended | 750mL", "price": "$3.95", "price_calculation": "$0.53 per 100mL", "category": "Pantry"},
{"title": "Nutella Hazelnut Chocolate Spread | 750g", "price": "$7.80", "price_calculation": "$1.04 per 100g", "category": "Pantry"},
{"title": "M&Ms Peanut Milk Chocolate Snack & Share Bag | 180g", "price": "$2.50", "price_calculation": "$1.39 per 100g", "category": "Pantry"},
{"title": "Cheetos Puffs Flaming Hot | 80g", "price": "$2.70", "price_calculation": "$3.38 per 100g", "category": "Pantry"},
{"title": "Nestle Ambient Dairy Sweetened Condensed Milk | 395g", "price": "$2.80", "price_calculation": "$0.71 per 100g", "category": "Pantry"},
{"title": "Nongshim Ramyun Noodle Soup 5 Pack | 600g", "price": "$5.00", "price_calculation": "$0.83 per 100g", "category": "Pantry"},
{"title": "Doritos Corn Chips Cheese Supreme Flaming Hot | 150g", "price": "$3.35", "price_calculation": "$2.23 per 100g", "category": "Pantry"},
{"title": "Lifesavers Blackcurrant Pastilles                                                                                                           | 180g", "price": "$2.00", "price_calculation": "$1.11 per 100g", "category": "Pantry"},
{"title": "Coles Tomato Paste | 500g", "price": "$1.40", "price_calculation": "$0.28 per 100g", "category": "Pantry"},
{"title": "Coles Tomatoes Crushed Mixed Herbs | 400g", "price": "$1.30", "price_calculation": "$3.25 per 1kg", "category": "Pantry"},
{"title": "Campbell's Country Ladle Soup Can Creamy Chicken | 500g", "price": "$2.25", "price_calculation": "$0.45 per 100g", "category": "Pantry"},
{"title": "Smith's Original Thinly Cut Potato Chips | 175g", "price": "$3.00", "price_calculation": "$1.71 per 100g", "category": "Pantry"},
{"title": "Mcvities Digestives Biscuits Milk Chocolate | 266g", "price": "$3.30", "price_calculation": "$1.24 per 100g", "category": "Pantry"},
{"title": "Heinz Ketchup Tomato Sauce | 500mL", "price": "$3.50", "price_calculation": "$0.70 per 100mL", "category": "Pantry"},
{"title": "Uncle Tobys Quick Oats Porridge | 1kg", "price": "$6.50", "price_calculation": "$0.65 per 100g", "category": "Pantry"},
{"title": "Coles Minced Garlic | 250g", "price": "$1.25", "price_calculation": "$0.05 per 10g", "category": "Pantry"},
{"title": "Oreo Double Stuff Original Cookies | 147g", "price": "$1.75", "price_calculation": "$1.19 per 100g", "category": "Pantry"},
{"title": "Campbell's Real Stock Beef Stock | 1L", "price": "$2.25", "price_calculation": "$0.23 per 100mL", "category": "Pantry"},
{"title": "Nutella Hazelnut Chocolate Spread | 400g", "price": "$5.70", "price_calculation": "$1.43 per 100g", "category": "Pantry"},
{"title": "Pringles Sizzling Meat Lovers Pizza Flavour | 118g", "price": "$2.50", "price_calculation": "$2.12 per 100g", "category": "Pantry"},
{"title": "Nestle KitKat Smooth Hazelnut Milk Chocolate Block | 170g", "price": "$2.75", "price_calculation": "$1.62 per 100g", "category": "Pantry"},
{"title": "Arnott's Cream Favourites Assorted Biscuits | 500g", "price": "$6.00", "price_calculation": "$1.20 per 100g", "category": "Pantry"},
{"title": "Red Rock Deli Potato Chips Sea Salt | 165g", "price": "$6.30", "price_calculation": "$3.82 per 100g", "category": "Pantry"},
{"title": "Arnott's Cheds Crackers | 250g", "price": "$4.00", "price_calculation": "$1.60 per 100g", "category": "Pantry"},
{"title": "Extra Peppermint Sugar Free Chewing Gum | 64g", "price": "$4.50", "price_calculation": "$7.03 per 100g", "category": "Pantry"},
{"title": "Doritos Original Corn Chips Salted | 170g", "price": "$3.35", "price_calculation": "$1.97 per 100g", "category": "Pantry"},
{"title": "Sunrice Medium Grain White Rice | 5kg", "price": "$19.00", "price_calculation": "$0.38 per 100g", "category": "Pantry"},
{"title": "Cadbury Cherry Ripe Chocolate Bar | 52g", "price": "$1.00", "price_calculation": "$1.92 per 100g", "category": "Pantry"},
{"title": "Cadbury Dairy Milk Large Chocolate Block | 360g", "price": "$6.00", "price_calculation": "$1.67 per 100g", "category": "Pantry"},
{"title": "Sunbites Grain Waves Sweet Chilli Chips | 170g", "price": "$2.40", "price_calculation": "$1.41 per 100g", "category": "Pantry"},
{"title": "OBAP Roasted Seasoned Seaweed 8 Pack | 40g", "price": "$5.45", "price_calculation": "$13.63 per 100g", "category": "Pantry"},
{"title": "Coles White Plain Flour | 2kg", "price": "$2.20", "price_calculation": "$1.10 per 1kg", "category": "Pantry"},
{"title": "Coles Raw Sugar | 1kg", "price": "$1.80", "price_calculation": "$0.18 per 100g", "category": "Pantry"},
{"title": "Coles Coconut Cream | 400mL", "price": "$1.00", "price_calculation": "$0.25 per 100mL", "category": "Pantry"},
{"title": "Arnott's Shapes Original Pizza Cracker Biscuits | 190g", "price": "$2.75", "price_calculation": "$1.45 per 100g", "category": "Pantry"},
{"title": "Coles Coconut Milk | 400mL", "price": "$0.95", "price_calculation": "$0.24 per 100mL", "category": "Pantry"},
{"title": "Cadbury Fry's Turkish Delight Chocolate Bar | 55g", "price": "$1.00", "price_calculation": "$1.82 per 100g", "category": "Pantry"},
{"title": "Coles Basmati Rice | 1kg", "price": "$4.00", "price_calculation": "$0.40 per 100g", "category": "Pantry"},
{"title": "Coles Corn Kernels | 420g", "price": "$1.10", "price_calculation": "$2.62 per 1kg", "category": "Pantry"},
{"title": "Coles White Vinegar | 2L", "price": "$1.70", "price_calculation": "$0.09 per 100mL", "category": "Pantry"},
{"title": "Lipton Black Tea Bags | 100 Pack", "price": "$2.90", "price_calculation": "$0.03 per 1ea", "category": "Pantry"},
{"title": "Snickers Butterscotch Flavoured Chocolate Bar | 44g", "price": "$2.00", "price_calculation": "$4.55 per 100g", "category": "Pantry"},
{"title": "Nestle KitKat Packed With Milo Milk Chocolate Block | 165g", "price": "$2.75", "price_calculation": "$1.67 per 100g", "category": "Pantry"},
{"title": "Cadbury Picnic Chocolate Bar | 46g", "price": "$1.00", "price_calculation": "$2.17 per 100g", "category": "Pantry"},
{"title": "M&Ms Crispy Milk Chocolate Snack & Share Bag | 145g", "price": "$2.50", "price_calculation": "$1.72 per 100g", "category": "Pantry"},
{"title": "Coles Original Corn Chips | 200g", "price": "$2.30", "price_calculation": "$1.15 per 100g", "category": "Pantry"},
{"title": "Coles Rolled Oats | 900g", "price": "$1.65", "price_calculation": "$0.18 per 100g", "category": "Pantry"},
{"title": "Extra Spearmint Sugar Free Chewing Gum | 64g", "price": "$4.50", "price_calculation": "$7.03 per 100g", "category": "Pantry"},
{"title": "Coles Beans Red Kidney | 420g", "price": "$1.00", "price_calculation": "$2.38 per 1kg", "category": "Pantry"},
{"title": "Red Rock Deli Honey Soy Chicken Potato Chips | 165g", "price": "$6.30", "price_calculation": "$3.82 per 100g", "category": "Pantry"},
{"title": "Sakata Plain Rice Crackers Gluten Free | 100g", "price": "$2.30", "price_calculation": "$2.30 per 100g", "category": "Pantry"},
{"title": "Kellogg's Nutri-Grain Protein Breakfast Cereal | 765g", "price": "$7.50", "price_calculation": "$0.98 per 100g", "category": "Pantry"},
{"title": "Coles Italian Whole Peeled Tomatoes | 400g", "price": "$1.10", "price_calculation": "$2.75 per 1kg", "category": "Pantry"},
{"title": "Coles Italian Diced Tomatoes | 800g", "price": "$2.00", "price_calculation": "$2.50 per 1kg", "category": "Pantry"},
{"title": "Cadbury Twirl Chocolate Bar | 39g", "price": "$1.00", "price_calculation": "$2.56 per 100g", "category": "Pantry"},
{"title": "Real Foods Original Corn Thins | 150g", "price": "$2.00", "price_calculation": "$1.33 per 100g", "category": "Pantry"},
{"title": "Nestle KitKat Chunky Milk Chocolate Bar | 50g", "price": "$2.20", "price_calculation": "$4.40 per 100g", "category": "Pantry"},
{"title": "CSR White Sugar | 1kg", "price": "$2.20", "price_calculation": "$0.22 per 100g", "category": "Pantry"},
{"title": "M&Ms Milk Chocolate Snack & Share Bag | 180g", "price": "$2.50", "price_calculation": "$1.39 per 100g", "category": "Pantry"},
{"title": "Eclipse Spearmint Sugar Free Mints Tin | 40g", "price": "$3.50", "price_calculation": "$8.75 per 100g", "category": "Pantry"},
{"title": "Cadbury Boost Chocolate Bar | 60g", "price": "$1.00", "price_calculation": "$1.67 per 100g", "category": "Pantry"},
{"title": "Coles Long Grain Rice | 1kg", "price": "$1.40", "price_calculation": "$0.14 per 100g", "category": "Pantry"},
{"title": "Coles Sweetened Condensed Milk | 397g", "price": "$1.80", "price_calculation": "$0.45 per 100g", "category": "Pantry"},
{"title": "Maharajah's Choice Calico Basmati Rice | 5kg", "price": "$11.50", "price_calculation": "$0.23 per 100g", "category": "Pantry"},
{"title": "Arnott's Shapes Chicken Crimpy Cracker Biscuits | 175g", "price": "$2.75", "price_calculation": "$1.57 per 100g", "category": "Pantry"},
{"title": "Twisties Raspberry Snack Twisted | 80g", "price": "$2.70", "price_calculation": "$3.38 per 100g", "category": "Pantry"},
{"title": "Coyo Organic Coconut Ice Cream Chocolate Ripple | 500mL", "price": "$10.00", "price_calculation": "$2.00 per 100mL", "category": "Frozen"},
{"title": "Mrs Mac's Brush & Bake Steak Cheese & Bacon Pie 2Pk | 400g", "price": "$10.00", "price_calculation": "$2.50 per 100g", "category": "Frozen"},
{"title": "I&J Fish Goujons | 800g", "price": "$10.00", "price_calculation": "$12.50 per 1kg", "category": "Frozen"},
{"title": "Pasta al Naturale Gluten Free Frozen Potato Gnocchi  | 375g", "price": "$10.00", "price_calculation": "$2.67 per 100g", "category": "Frozen"},
{"title": "KB's Chili & Lime Squid Rings | 360g", "price": "$10.50", "price_calculation": "$29.17 per 1kg", "category": "Frozen"},
{"title": "Snackboy Loving Earth White Chocolate Caramel Dessert | 475mL", "price": "$11.00", "price_calculation": "$2.32 per 100mL", "category": "Frozen"},
{"title": "Snackboy Loving Earth Dark Chocolate Hazelnut Dessert | 475mL", "price": "$11.00", "price_calculation": "$2.32 per 100mL", "category": "Frozen"},
{"title": "Snackboy Macro Mike Salted Caramel Dessert | 475mL", "price": "$11.00", "price_calculation": "$2.32 per 100mL", "category": "Frozen"},
{"title": "Pana Organic Frozen Dessert Salted Choc & Caramel | 950mL", "price": "$12.00", "price_calculation": "$1.26 per 100mL", "category": "Frozen"},
{"title": "The Fishery Australian Saddletail Snapper Portions | 260g", "price": "$12.00", "price_calculation": "$46.15 per 1kg", "category": "Frozen"},
{"title": "Hanabi Frozen Fish Spanish Mackerel Cutlet | 600g", "price": "$12.70", "price_calculation": "$2.12 per 100g", "category": "Frozen"},
{"title": "I&J Beer Batter Wild Caught Fish Fillets | 1.03kg", "price": "$13.00", "price_calculation": "$12.62 per 1kg", "category": "Frozen"},
{"title": "Family Fave's Chicken Space Shapes | 1kg", "price": "$21.50", "price_calculation": "$21.50 per 1kg", "category": "Frozen"},
{"title": "Yum Cha At Home Stick Springroll | 1kg", "price": "$24.50", "price_calculation": "$2.45 per 100g", "category": "Frozen"},
{"title": "Primo Prosciutto | 100g", "price": "$7.50", "price_calculation": "$75.00 per 1kg", "category": "Deli"},
{"title": "Fragassi Basilico Pasta Sauce | 500g", "price": "$8.30", "price_calculation": "$1.66 per 100g", "category": "Deli"},
{"title": "Thomson's Deli Ham And Chicken Luncheon | 1kg", "price": "$3.50", "price_calculation": "$3.50 per 1kg", "category": "Deli"},
{"title": "Primo Gluten Free Real Diced Bacon | 200g", "price": "$4.80", "price_calculation": "$24.00 per 1kg", "category": "Deli"},
{"title": "Coles Original Posh Dogs 4 Pack | 300g", "price": "$6.00", "price_calculation": "$20.00 per 1kg", "category": "Deli"},
{"title": "Primo Original Twiggy Sticks | 200g", "price": "$6.60", "price_calculation": "$33.00 per 1kg", "category": "Deli"},
{"title": "Coles Semi Dried Tomatoes 97% FF | approx 100g", "price": "$2.50", "price_calculation": "$25.00 per 1kg", "category": "Deli"},
{"title": "Don Crafted Cuts Grass Fed Roast Beef | 100g", "price": "$4.50", "price_calculation": "$45.00 per 1kg", "category": "Deli"},
{"title": "Thomson's Deli Pepperoni Salami | 200g", "price": "$5.00", "price_calculation": "$25.00 per 1kg", "category": "Deli"},
{"title": "Deli Express Ivans Spinach Sundried Tomato & Feta Quiche | 180g", "price": "$5.40", "price_calculation": "$3.00 per 100g", "category": "Deli"},
{"title": "Coles Free Range Chicken Breast Carved Roast | 200g", "price": "$6.50", "price_calculation": "$32.50 per 1kg", "category": "Deli"},
{"title": "Coles Mild Salami | 200g", "price": "$6.90", "price_calculation": "$34.50 per 1kg", "category": "Deli"},
{"title": "Provedore Italian Style Charcuterie | 150g", "price": "$12.00", "price_calculation": "$80.01 per 1kg", "category": "Deli"},
{"title": "Coles Deli  Semi Dried Tomatoes with Fresh Basil | approx 100g", "price": "$2.80", "price_calculation": "$28.00 per 1kg", "category": "Deli"},
{"title": "Primo Chilli Coated Salami  | approx 100g", "price": "$3.30", "price_calculation": "$33.00 per 1kg", "category": "Deli"},
{"title": "Don Crafted Cuts Hardwood Double Smoked Leg Ham | 100g", "price": "$4.50", "price_calculation": "$45.00 per 1kg", "category": "Deli"},
{"title": "Primo Short Cut Salt Reduced Rindless Bacon | 200g", "price": "$5.00", "price_calculation": "$25.00 per 1kg", "category": "Deli"},
{"title": "Primo Gluten Free Classic Kransky | 250g", "price": "$5.40", "price_calculation": "$21.60 per 1kg", "category": "Deli"},
{"title": "Royal International Tidbit Jamon Serrano | 80g", "price": "$5.80", "price_calculation": "$72.50 per 1kg", "category": "Deli"},
{"title": "Coles Deli RSPCA Approved Chicken Tenderloins Thai | approx 180g", "price": "$2.97", "price_calculation": "$16.50 per 1kg", "category": "Deli"},
{"title": "Coles Deli Thawed Squid Tubes | approx 250g", "price": "$4.50", "price_calculation": "$18.00 per 1kg", "category": "Deli"},
{"title": "Primo Cafe Classics Sliced Chicken Schnitzel | 150g", "price": "$5.00", "price_calculation": "$33.34 per 1kg", "category": "Deli"},
{"title": "Primo The Charcuterie Collection Beechwood Smoked Proscuitto | 80g", "price": "$6.00", "price_calculation": "$75.00 per 1kg", "category": "Deli"},
{"title": "Coles Free Range Chicken Breast Carved Roast Lemon Pepper & Herb | 200g", "price": "$6.50", "price_calculation": "$32.50 per 1kg", "category": "Deli"},
{"title": "Coles Spicy Chorizo Salami Knob | 200g", "price": "$6.90", "price_calculation": "$34.50 per 1kg", "category": "Deli"},
{"title": "D'Orsogna Cacciatora Mild | 225g", "price": "$7.20", "price_calculation": "$32.00 per 1kg", "category": "Deli"},
{"title": "Royal International Prosciutto Di Parma 16month | 100g", "price": "$8.50", "price_calculation": "$8.50 per 100g", "category": "Deli"},
{"title": "Bertocchi Olive Mortadella | approx 100g", "price": "$1.40", "price_calculation": "$14.00 per 1kg", "category": "Deli"},
{"title": "Ivans Family Chunky Angus Pie 900g | 900g", "price": "$17.00", "price_calculation": "$1.89 per 100g", "category": "Deli"},
{"title": "Ivans Family Chick Mush Leek Pie 900g | 900g", "price": "$17.00", "price_calculation": "$1.89 per 100g", "category": "Deli"},
{"title": "Coles Deli Express Primo Speck | approx300g", "price": "$8.70", "price_calculation": "$29.00 per 1kg", "category": "Deli"},
{"title": "Coles Pancetta | approx100g", "price": "$3.80", "price_calculation": "$38.00 per 1kg", "category": "Deli"},
{"title": "Auricchio Grana Padano Grated Cheese | approx100g", "price": "$4.70", "price_calculation": "$47.00 per 1kg", "category": "Deli"},
{"title": "Coles Thawed Half Shell Scallops Large | 1 each", "price": "$2.40", "price_calculation": "$2.40 per 1ea", "category": "Deli"},
{"title": "Coles Deli RSPCA Approved Chicken Nibbles Chilli Sriracha | approx 500g", "price": "$3.75", "price_calculation": "$7.50 per 1kg", "category": "Deli"},
{"title": "British Sausage Co. Smoked Streaky Bacon | 175g", "price": "$5.60", "price_calculation": "$32.00 per 1ea", "category": "Deli"},
{"title": "Thomson's Deli Shredded Chicken Value Pack | 500g", "price": "$7.50", "price_calculation": "$15.00 per 1kg", "category": "Deli"},
{"title": "Meredith Dairy Marinated Goat Cheese | 320g", "price": "$13.00", "price_calculation": "$40.63 per 1kg", "category": "Deli"},
{"title": "Lilydale Lemon Pepper Roast Chicken | approx 100g", "price": "$2.85", "price_calculation": "$28.50 per 1kg", "category": "Deli"},
{"title": "Fromager D'Affinois St Angel Triple Cream | approx 100g", "price": "$7.50", "price_calculation": "$75.00 per 1kg", "category": "Deli"},
{"title": "Don Lunchbox Sticks | 140g", "price": "$4.00", "price_calculation": "$28.57 per 1kg", "category": "Deli"},
{"title": "Coles Deli Thawed Prawn Skewers Garlic | 5 pack", "price": "$6.25", "price_calculation": "$1.25 per 1ea", "category": "Deli"},
{"title": "Provedore Bresaola Italian Style | 80g", "price": "$6.50", "price_calculation": "$81.25 per 1kg", "category": "Deli"},
{"title": "Coles Deli Express Sliced Prosciutto | 100g", "price": "$7.00", "price_calculation": "$70.00 per 1kg", "category": "Deli"},
{"title": "Primo Mount Ash Pansize Bacon | approx 125g", "price": "$2.25", "price_calculation": "$18.00 per 1kg", "category": "Deli"},
{"title": "Coles Deli Fresh Tasmanian Salmon Portions Chilli & Lime | approx 250g", "price": "$9.00", "price_calculation": "$36.00 per 1kg", "category": "Deli"},
{"title": "Coles Pitted Kalamata Olives With Balsamic Vinegar | approx 100g", "price": "$2.00", "price_calculation": "$20.00 per 1kg", "category": "Deli"},
{"title": "Coles Deli Salads Tub Snack Classic Pasta | 1 each", "price": "$2.00", "price_calculation": "$2.00 per 1ea", "category": "Deli"},
{"title": "Coles Salad Snack Tubs Potato Egg & Bacon | 1 each", "price": "$3.00", "price_calculation": "$3.00 per 1ea", "category": "Deli"},
{"title": "Deeds Fuel Injection Summer Ale Can 440mL | 16 Pack", "price": "$132.00", "price_calculation": "$18.75 per 1L", "category": "Liquor"},
{"title": "Coles Pesto Pasta & Fetta | 375g", "price": "$4.00", "price_calculation": "$1.07 per 100g", "category": "Frozen"},
{"title": "Coles Deli Snack Greek Salad | 1 each", "price": "$3.00", "price_calculation": "$3.00 per 1ea", "category": "Deli"},
{"title": "Grainshaker Vodka Mixed Can 6% 330mL | 24 Pack", "price": "$134.00", "price_calculation": "$16.92 per 1L", "category": "Liquor"},
{"title": "Birds Eye Frozen Steam Fresh Bean Broccoli & Sugar Snap Peas 3 pack | 450g", "price": "$4.50", "price_calculation": "$10.00 per 1kg", "category": "Frozen"},
{"title": "Coles Finest Deli Express Australian Green Manzanillo With Chilli & Garlic | 120g", "price": "$4.00", "price_calculation": "$33.33 per 1kg", "category": "Deli"},
{"title": "Kentucky Bourbon Double Serve & No Sugar Can 375mL | 30 Pack", "price": "$139.00", "price_calculation": "$12.36 per 1L", "category": "Liquor"},
{"title": "Steggles Frozen Crumbed Chicken Breast Fingers | 400g", "price": "$6.00", "price_calculation": "$15.00 per 1kg", "category": "Frozen"},
{"title": "180 Degrees Parmesan Oat Crackers | 135g", "price": "$4.80", "price_calculation": "$3.56 per 100g", "category": "Deli"},
{"title": "Absolut Cocktails Passionfruit Martini Can 250mL | 24 Pack", "price": "$140.00", "price_calculation": "$23.33 per 1L", "category": "Liquor"},
{"title": "Dr. Oetker Frozen Ristorante Spinaci (Spinach) Pizza | 390g", "price": "$6.30", "price_calculation": "$1.62 per 100g", "category": "Frozen"},
{"title": "Valley Produce Co. Vegetable Flatbread Cheese | 130g", "price": "$4.90", "price_calculation": "$3.77 per 100g", "category": "Deli"},
{"title": "Absolut Cocktails Berry Vodkarita Can 250mL | 24 Pack", "price": "$140.00", "price_calculation": "$23.33 per 1L", "category": "Liquor"},
{"title": "Peters Original Twin Pole Pineapple & Raspberry 8 Pack | 592mL", "price": "$8.00", "price_calculation": "$1.35 per 100mL", "category": "Frozen"},
{"title": "Coles Vegetable Tart | 180g", "price": "$5.00", "price_calculation": "$2.78 per 100g", "category": "Deli"},
{"title": "Truly Lemonade Seltzer Original Lemon Can 330mL | 24 Pack", "price": "$144.00", "price_calculation": "$18.18 per 1L", "category": "Liquor"},
{"title": "Connoisseur Ice Cream Cafe Grande | 1L", "price": "$9.00", "price_calculation": "$0.90 per 100mL", "category": "Frozen"},
{"title": "OB Finest Natural Sour Dough Crispbread | 110g", "price": "$5.50", "price_calculation": "$5.00 per 100g", "category": "Deli"},
{"title": "Patient Wolf Dry Gin & Tonic Can 250mL | 24 Pack", "price": "$145.00", "price_calculation": "$24.17 per 1L", "category": "Liquor"},
{"title": "McCain Frozen Cheese & Bacon Pizza Slices 6 pack | 600g", "price": "$9.00", "price_calculation": "$1.50 per 100g", "category": "Frozen"},
{"title": "OB Finest Sour Dough Crispbread Wholemeal | 110g", "price": "$5.50", "price_calculation": "$5.00 per 100g", "category": "Deli"},
{"title": "Bacardi Pina Colada Can 250mL | 24 Pack", "price": "$145.00", "price_calculation": "$24.17 per 1L", "category": "Liquor"},
{"title": "Peters Gluten Free Original Vanilla Ice Cream Tub | 4L", "price": "$10.90", "price_calculation": "$0.27 per 100mL", "category": "Frozen"},
{"title": "OB Finest Sour Dough Crispbread Ancient Grains | 110g", "price": "$5.50", "price_calculation": "$5.00 per 100g", "category": "Deli"},
{"title": "Just Festival Pack Can 330mL | 36 Pack", "price": "$156.00", "price_calculation": "$13.13 per 1L", "category": "Liquor"},
{"title": "Hanabi Frozen Edamame Soybean Pods | 400g", "price": "$3.90", "price_calculation": "$9.75 per 1kg", "category": "Frozen"},
{"title": "Artisan Crackers With Sea Salt Mini | 110g", "price": "$5.50", "price_calculation": "$5.00 per 100g", "category": "Deli"},
{"title": "First Press Espresso Martini Can 200mL | 24 Pack", "price": "$168.00", "price_calculation": "$35.00 per 1L", "category": "Liquor"},
{"title": "Coles Penne Napoletana Pasta | 375g", "price": "$4.00", "price_calculation": "$1.07 per 100g", "category": "Frozen"},
{"title": "Mcclure's Sweet & Spicy Pickles | 500g", "price": "$6.00", "price_calculation": "$12.00 per 1kg", "category": "Deli"},
{"title": "Tanqueray Flor de Sevilla Gin & Soda Bottles 275mL | 24 Pack", "price": "$179.00", "price_calculation": "$27.12 per 1L", "category": "Liquor"},
{"title": "Coles Frozen Convenience Meal With Macaroni Cheese | 375g", "price": "$4.00", "price_calculation": "$1.07 per 100g", "category": "Frozen"},
{"title": "Coles Deli Salads Tub Large Classic Pasta | 1 each", "price": "$6.00", "price_calculation": "$6.00 per 1ea", "category": "Deli"},
{"title": "Birds Eye Frozen Shanghai Stir Fry | 500g", "price": "$4.50", "price_calculation": "$9.00 per 1kg", "category": "Frozen"},
{"title": "Coles Turkish Delight | 190g", "price": "$6.50", "price_calculation": "$3.42 per 100g", "category": "Deli"},
{"title": "McCain Frozen Healthy Choice Creamy Chicken Carbonara | 300g", "price": "$5.00", "price_calculation": "$1.67 per 100g", "category": "Frozen"},
{"title": "OB Finest Apricot & Macadamia Crackers | 150g", "price": "$6.50", "price_calculation": "$4.33 per 100g", "category": "Deli"},
{"title": "Inghams Crumbed Nuggets | 400g", "price": "$5.50", "price_calculation": "$13.75 per 1kg", "category": "Frozen"},
{"title": "Julianne's Kitchen Apple & Thyme Fruit Paste | 100g", "price": "$7.00", "price_calculation": "$7.00 per 100g", "category": "Deli"},
{"title": "Birds Eye Snap Frozen Corn Kernels | 1kg", "price": "$6.00", "price_calculation": "$6.00 per 1kg", "category": "Frozen"},
{"title": "Julianne's Kitchen Pear And Cinnamon Fruit Paste | 100g", "price": "$7.00", "price_calculation": "$7.00 per 100g", "category": "Deli"},
{"title": "McCain Frozen BBQ Meatlovers Family Pizza | 500g", "price": "$8.50", "price_calculation": "$1.70 per 100g", "category": "Frozen"},
{"title": "Julianne's Kitchen Quince And Orange Paste | 100g", "price": "$7.00", "price_calculation": "$7.00 per 100g", "category": "Deli"},
{"title": "McCain Frozen Meat Lovers Pizza Slices 6 pack | 600g", "price": "$9.00", "price_calculation": "$1.50 per 100g", "category": "Frozen"},
{"title": "Primo Saveloys | 750g", "price": "$7.40", "price_calculation": "$9.87 per 1kg", "category": "Deli"},
{"title": "Steggles Frozen Flaming Chicken Wing Nibbles | 1kg", "price": "$11.00", "price_calculation": "$11.00 per 1kg", "category": "Frozen"},
{"title": "Coles Finest Italian Grissini With Black Olive | 200g", "price": "$8.00", "price_calculation": "$4.00 per 100g", "category": "Deli"},
{"title": "Cadbury Dairy Milk Ice Cream Vanilla | 460mL", "price": "$12.00", "price_calculation": "$2.61 per 100mL", "category": "Frozen"},
{"title": "Artisan Sour Red Cherries | 90g", "price": "$9.00", "price_calculation": "$100.01 per 1kg", "category": "Deli"},
{"title": "Haagen Dazs Fruit Collection Ice Cream Mini Cups 4 Pack | 380mL", "price": "$13.50", "price_calculation": "$3.55 per 100mL", "category": "Frozen"},
{"title": "Coles Finest Gorgonzola Dolce Dop | 200g", "price": "$9.00", "price_calculation": "$45.00 per 1kg", "category": "Deli"},
{"title": "Patties Frozen Mini Combo Party Pies & Sausage Rolls 40 pack | 1kg", "price": "$13.50", "price_calculation": "$1.35 per 100g", "category": "Frozen"},
{"title": "Artisan Wild Baby Figs | 150g", "price": "$9.90", "price_calculation": "$66.00 per 1kg", "category": "Deli"},
{"title": "Vadilal Bhindi Cuts | 312g", "price": "$2.40", "price_calculation": "$0.77 per 100g", "category": "Frozen"},
{"title": "Star Foods Rolada Fig Walnut | 150g", "price": "$10.00", "price_calculation": "$6.67 per 100g", "category": "Deli"},
{"title": "Coles Frozen Convenience Meal Shepherds Pie | 375g", "price": "$4.00", "price_calculation": "$1.07 per 100g", "category": "Frozen"},
{"title": "Star Foods Rolada Pistachio Date | 150g", "price": "$10.00", "price_calculation": "$6.67 per 100g", "category": "Deli"},
{"title": "McCain Pub Style Potato Wedges | 750g", "price": "$4.80", "price_calculation": "$6.40 per 1kg", "category": "Frozen"},
{"title": "Coles Deli Salad Tubs Jumbo Quinoa Tabouleh Salad | 1 each", "price": "$11.00", "price_calculation": "$11.00 per 1ea", "category": "Deli"},
{"title": "Pampas Frozen Puff Pastry Sheets Extra Light 6 pack | 1kg", "price": "$5.20", "price_calculation": "$0.52 per 100g", "category": "Frozen"},
{"title": "Coles Deli Salad Jumbo Tubs Potato Egg & Bacon | 1 each", "price": "$11.00", "price_calculation": "$11.00 per 1ea", "category": "Deli"},
{"title": "Inghams Crumbed Tenders | 400g", "price": "$5.50", "price_calculation": "$13.75 per 1kg", "category": "Frozen"},
{"title": "Coles Jumbo Salad Tub Curried Pumpkin Cous Cous Salad | 1 each", "price": "$11.00", "price_calculation": "$11.00 per 1ea", "category": "Deli"},
{"title": "Coles Frozen Fruit Pineapple | 500g", "price": "$6.20", "price_calculation": "$1.24 per 100g", "category": "Frozen"},
{"title": "Quaranta Soft Nougat Cakes French Caramel | 165g", "price": "$11.00", "price_calculation": "$6.67 per 100g", "category": "Deli"},
{"title": "Ben & Jerry's Sofa So Good Together | 458mL", "price": "$7.25", "price_calculation": "$1.58 per 100mL", "category": "Frozen"},
{"title": "Coles Deli Bulk Coleslaw | 1 each", "price": "$12.00", "price_calculation": "$12.00 per 1ea", "category": "Deli"},
{"title": "Connoisseur Ice Cream Honey Macadamia | 1L", "price": "$9.00", "price_calculation": "$0.90 per 100mL", "category": "Frozen"},
{"title": "Honeycomb Berringa Hive & Comb | 200g", "price": "$13.45", "price_calculation": "$6.73 per 100g", "category": "Deli"},
{"title": "Peters Drumstick Choc Mint Ice Cream 4 pack | 475mL", "price": "$9.50", "price_calculation": "$2.00 per 100mL", "category": "Frozen"},
{"title": "Bio-Dynamic Triple Cream Camembert | 280g", "price": "$14.50", "price_calculation": "$51.79 per 1kg", "category": "Deli"},
{"title": "Four N Twenty Angus Beef & Pepper Pies | 700g", "price": "$11.00", "price_calculation": "$1.57 per 100g", "category": "Frozen"},
{"title": "Coles Deli Thawed MSC Cooked Canadian Whole Lobster | 1 each", "price": "$15.00", "price_calculation": "$15.00 per 1ea", "category": "Deli"},
{"title": "Grandma's Golden Wok Vegetable Gyoza | 800g", "price": "$19.80", "price_calculation": "$2.48 per 100g", "category": "Frozen"},
{"title": "Coles Snackers Delight Platter | 1 each", "price": "$15.00", "price_calculation": "$15.00 per 1ea", "category": "Deli"},
{"title": "Coles Convenience Meals Tuna Bake | 375g", "price": "$4.00", "price_calculation": "$1.07 per 100g", "category": "Frozen"},
{"title": "Ortiz Anchovies | 47.5g", "price": "$16.00", "price_calculation": "$333.33 per 1kg", "category": "Deli"},
{"title": "Coles French Style Cheesecake | 450g", "price": "$4.30", "price_calculation": "$0.96 per 100g", "category": "Frozen"},
{"title": "Le Dauphin Double Creme Cheese | 200g", "price": "$24.00", "price_calculation": "$120.00 per 1kg", "category": "Deli"},
{"title": "Birds Eye Frozen Steam Fresh Beans Carrot & Broccoli Mix 3 pack | 450g", "price": "$4.50", "price_calculation": "$10.00 per 1kg", "category": "Frozen"},
{"title": "Coles Classic Grazing Platter | 1 each", "price": "$25.00", "price_calculation": "$25.00 per 1ea", "category": "Deli"},
{"title": "Birds Eye Frozen Fish Fillets With Lemon Pepper Crumb Oven Bake 6 pack | 425g", "price": "$5.25", "price_calculation": "$12.35 per 1kg", "category": "Frozen"},
{"title": "Coles Deli Thawed Australian Cooked Black Tiger Prawns Jumbo | approx250g", "price": "$9.75", "price_calculation": "$39.00 per 1kg", "category": "Deli"},
{"title": "Coles Vegetable Samosas 10 Pack | 300g", "price": "$5.50", "price_calculation": "$1.83 per 100g", "category": "Frozen"},
{"title": "Coles Deli Thawed Basa Fillet 5Kg | 1 each", "price": "$45.00", "price_calculation": "$9.00 per 1kg", "category": "Deli"},
{"title": "Creative Gourmet Frozen Coconut Chunks | 300g", "price": "$5.65", "price_calculation": "$18.83 per 1kg", "category": "Frozen"},
{"title": "Petuna Deli Fresh Salmon Portions Skin On Tray | 2.5kg", "price": "$82.50", "price_calculation": "$33.00 per 1kg", "category": "Deli"},
{"title": "Peters Oreo Ice Cream Tub | 1.2L", "price": "$6.50", "price_calculation": "$0.54 per 100mL", "category": "Frozen"},
{"title": "Coles Deli Frozen Australian Cooked Black Tiger Prawns Extra Large 3Kg | 1 each", "price": "$108.00", "price_calculation": "$36.00 per 1kg", "category": "Deli"},
{"title": "Coles Carrots Batons | 500g", "price": "$2.90", "price_calculation": "$5.80 per 1kg", "category": "Frozen"},
{"title": "Coles BBQ Meatlovers Pizza | 500g", "price": "$5.00", "price_calculation": "$1.00 per 100g", "category": "Frozen"},
{"title": "Coles Corn Fritters 10 Pack | 300g", "price": "$5.50", "price_calculation": "$1.83 per 100g", "category": "Frozen"},
{"title": "Peters Gluten Free Original Neapolitan Multi Flavoured Ice Cream Tub | 2L", "price": "$5.50", "price_calculation": "$0.28 per 100mL", "category": "Frozen"},
{"title": "Birds Eye Frozen Seasoned Sides Mediterranean Mix | 600g", "price": "$5.60", "price_calculation": "$9.33 per 1kg", "category": "Frozen"},
{"title": "Weight Watchers Snap Frozen Mushroom & Pumpkin Risotto | 320g", "price": "$6.50", "price_calculation": "$2.03 per 100g", "category": "Frozen"},
{"title": "Connoisseur Ice Cream Belgian Chocolate | 1L", "price": "$9.00", "price_calculation": "$0.90 per 100mL", "category": "Frozen"},
{"title": "Snickers Creamy Ice Bar 6 Pack | 300mL", "price": "$9.00", "price_calculation": "$3.00 per 100mL", "category": "Frozen"},
{"title": "Coles Chicken Breast Dino Nuggets | 1kg", "price": "$10.00", "price_calculation": "$10.00 per 1kg", "category": "Frozen"},
{"title": "Moki Go Type-C Twin Pack 1.2M | 2 pack", "price": "$35.00", "price_calculation": "$17.50 per 1ea", "category": "Household"},
{"title": "NRG 2M USB C To Lightning - White | 1 each", "price": "$35.00", "price_calculation": "$35.00 per 1ea", "category": "Household"},
{"title": "OMO 3 In 1 Capsules Doy Odour | 50 pack", "price": "$35.00", "price_calculation": "$0.70 per 1ea", "category": "Household"},
{"title": "Dynabook SM02 USB 2.0 Flash Drive 64GB | 1 each", "price": "$35.70", "price_calculation": "$35.70 per 1ea", "category": "Household"},
{"title": "Sunbeam Multigrinder 11 | 1 each", "price": "$36.00", "price_calculation": "$36.00 per 1ea", "category": "Household"},
{"title": "Curtis Stone Frypan 24Cm | 1 each", "price": "$36.00", "price_calculation": "$36.00 per 1ea", "category": "Household"},
{"title": "Crest Power Board 6 Socket 2 USB | 1 pack", "price": "$37.00", "price_calculation": "$37.00 per 1ea", "category": "Household"},
{"title": "Brita Water Filter Jug Marella Graphite 2.4L | 1 each", "price": "$38.00", "price_calculation": "$38.00 per 1ea", "category": "Household"},
{"title": "Outdoor Life Hardbody Cooler 26L | 1 each", "price": "$38.40", "price_calculation": null, "category": "Household"},
{"title": "Bosisto's Compact Stone Diffuser | 1 each", "price": "$39.00", "price_calculation": "$39.00 per 1ea", "category": "Household"},
{"title": "Thankyou Universal Cleaner Botanical Grapefruit Refill | 3L", "price": "$39.95", "price_calculation": "$13.32 per 1L", "category": "Household"},
{"title": "Mortein Powergard Automatic System + Refill | 1 pack", "price": "$40.00", "price_calculation": "$40.00 per 1ea", "category": "Household"},
{"title": "Brita Classic Filter Cartridges | 3 pack", "price": "$40.00", "price_calculation": "$13.33 per 1ea", "category": "Household"},
{"title": "Curtis Stone Saucepan 18cm | 1 each", "price": "$40.00", "price_calculation": "$40.00 per 1ea", "category": "Household"},
{"title": "Mortein Naturgard Automatic Eucalyptus Primary | 152g", "price": "$40.00", "price_calculation": "$40.00 per 1ea", "category": "Household"},
{"title": "Seiki 1000 Watt Quartz Heater | 1 each", "price": "$40.00", "price_calculation": "$40.00 per 1ea", "category": "Household"},
{"title": "Sistema Bake It Containers | 9 pack", "price": null, "price_calculation": null, "category": "Household"},
{"title": "Mortein Power Gard DIY Indoor & Outdoor Surface Spray | 2L", "price": "$40.00", "price_calculation": "$2.00 per 100mL", "category": "Household"},
{"title": "Oates All Australian Mop Bucket 9L | 1 each", "price": "$41.90", "price_calculation": "$41.90 per 1ea", "category": "Household"},
{"title": "Asena Gaming Headset Wired With RGB | 1 each", "price": "$42.00", "price_calculation": "$42.00 per 1ea", "category": "Household"},
{"title": "Seiki 1500 Watt Personal Ceramic Heater | 1 each", "price": "$45.00", "price_calculation": "$45.00 per 1ea", "category": "Household"},
{"title": "Tefal Inspire Frypan 26cm | 1 each", "price": "$47.00", "price_calculation": "$47.00 per 1ea", "category": "Household"},
{"title": "Finish Quantum Ultimate Pro Baking Soda | 32 pack", "price": "$48.00", "price_calculation": "$1.50 per 1ea", "category": "Household"},
{"title": "Seiki 5 Fin Column Oil Heater | 1 each", "price": "$49.00", "price_calculation": "$49.00 per 1ea", "category": "Household"},
{"title": "Blaupunkt Projector | 1 each", "price": "$99.99", "price_calculation": "$99.99 per 1ea", "category": "Household"},
{"title": "Blaupunkt 4 In 1 Wireless Charging Dock | 1 each", "price": "$49.99", "price_calculation": "$49.99 per 1ea", "category": "Household"},
{"title": "NRG True Wireless Earphone | 1 each", "price": "$50.00", "price_calculation": "$50.00 per 1ea", "category": "Household"},
{"title": "Audeeo Indulge Wireless Bluetooth Headphones | 1 Pack", "price": "$52.50", "price_calculation": "$52.50 per 1ea", "category": "Household"},
{"title": "Brita Water Filter Jug Starter Pack Marella XL White 3.5L | 1 each", "price": "$54.00", "price_calculation": "$54.00 per 1ea", "category": "Household"},
{"title": "Dymo Letra Tag Labeller Blue | 1 each", "price": "$55.00", "price_calculation": null, "category": "Household"},
{"title": "Sunbeam 2 Slice Snackmaker | 1 each", "price": "$55.00", "price_calculation": "$55.00 per 1ea", "category": "Household"},
{"title": "Tefal City Cook Frypan 32cm | 1 each", "price": "$57.00", "price_calculation": null, "category": "Household"},
{"title": "Telstra Lite 3 | 1 each", "price": "$59.00", "price_calculation": "$59.00 per 1ea", "category": "Household"},
{"title": "Seiki 1500 Watt 360 Degree Ceramic Heater | 1 each", "price": "$59.00", "price_calculation": "$59.00 per 1ea", "category": "Household"},
{"title": "Sabco Clean Ease Flat Mop Wringer Set | 1 each", "price": "$66.00", "price_calculation": "$66.00 per 1ea", "category": "Household"},
{"title": "Telstra MF910Y Wi-Fi 4GX | 1 each", "price": "$79.00", "price_calculation": "$79.00 per 1ea", "category": "Household"},
{"title": "Telstra Smart 2.1 | 1 each", "price": "$79.00", "price_calculation": "$79.00 per 1ea", "category": "Household"},
{"title": "Optus Portable Modem | 1 each", "price": "$79.00", "price_calculation": "$79.00 per 1ea", "category": "Household"},
{"title": "Optus X Start 3 | 1 each", "price": "$79.00", "price_calculation": "$79.00 per 1ea", "category": "Household"},
{"title": "Sodastream Spirit White Sparkling Water Maker | 1 each", "price": "$99.00", "price_calculation": "$99.00 per 1ea", "category": "Household"},
{"title": "Sodastream Sparkling Water Maker Spirit Black | 1 each", "price": "$99.00", "price_calculation": "$99.00 per 1ea", "category": "Household"},
{"title": "Telstra ZTE Blade A52 | 1 each", "price": "$99.00", "price_calculation": "$99.00 per 1ea", "category": "Household"},
{"title": "Telstra Telstra Essential Pro 3 | 1 each", "price": "$129.00", "price_calculation": "$129.00 per 1ea", "category": "Household"},
{"title": "Optus X Pro 2 | 1 each", "price": "$129.00", "price_calculation": "$129.00 per 1ea", "category": "Household"},
{"title": "Vodafone V Smart 4G | 1 each", "price": "$129.00", "price_calculation": "$129.00 per 1ea", "category": "Household"},
{"title": "Telstra Orbic Tab8 32GB 4G | 1 each", "price": "$149.00", "price_calculation": "$149.00 per 1ea", "category": "Household"},
{"title": "Vodafone Oppo A57 4G Black | 1 each", "price": "$179.00", "price_calculation": "$179.00 per 1ea", "category": "Household"},
{"title": "Coles Sweet Chilli Chicken Tenders | 1kg", "price": "$11.50", "price_calculation": "$11.50 per 1kg", "category": "Frozen"},
{"title": "McCain Frozen Peas Corn & Carrots | 500g", "price": "$4.00", "price_calculation": "$8.00 per 1kg", "category": "Frozen"},
{"title": "Coles Frozen Convenience Meal Spaghetti Bolognese | 375g", "price": "$4.00", "price_calculation": "$1.07 per 100g", "category": "Frozen"},
{"title": "Coles Fruit Apple Pie Snack 4 pack | 500g", "price": "$3.60", "price_calculation": "$0.72 per 100g", "category": "Frozen"},
{"title": "Coles Tempura Chicken Nuggets | 400g", "price": "$4.40", "price_calculation": "$11.00 per 1kg", "category": "Frozen"},
{"title": "Birds Eye Frozen Stir Fry Thai Vegetables | 500g", "price": "$4.50", "price_calculation": "$9.00 per 1kg", "category": "Frozen"},
{"title": "McCain Frozen Onion Rings | 500g", "price": "$5.00", "price_calculation": "$10.00 per 1kg", "category": "Frozen"},
{"title": "Connoisseur Ice Cream Cookies & Cream | 1L", "price": "$9.00", "price_calculation": "$0.90 per 100mL", "category": "Frozen"},
{"title": "Connoisseur Ice Cream Choc Chip Cookie | 1L", "price": "$9.00", "price_calculation": "$0.90 per 100mL", "category": "Frozen"},
{"title": "Coles Frozen Tiramisu | 500g", "price": "$4.00", "price_calculation": "$0.80 per 100g", "category": "Frozen"},
{"title": "Inghams Sweet Chilli Tenders | 400g", "price": "$5.50", "price_calculation": "$13.75 per 1kg", "category": "Frozen"},
{"title": "Birds Eye Frozen Deli New Zealand Whiting Crisp Light Batter Fillets 5 Pack | 250g", "price": "$10.00", "price_calculation": "$40.00 per 1kg", "category": "Frozen"},
{"title": "Steggles Frozen Crumbed Chicken Nuggets | 1kg", "price": "$13.70", "price_calculation": "$13.70 per 1kg", "category": "Frozen"},
{"title": "Borg's Triangles Spinach Cheese | 360g", "price": "$3.50", "price_calculation": "$0.97 per 100g", "category": "Frozen"},
{"title": "Sara Lee Frozen Custard Danish  | 400g", "price": "$4.00", "price_calculation": "$1.00 per 100g", "category": "Frozen"},
{"title": "Hanabi Frozen Surimi Fish Balls | 500g", "price": "$5.30", "price_calculation": "$10.60 per 1kg", "category": "Frozen"},
{"title": "Birds Eye Snap Frozen Carrot Peas & Corn | 1 kg", "price": "$6.50", "price_calculation": "$6.50 per 1kg", "category": "Frozen"},
{"title": "Peters Original Twin Pole Blue Rasp Spider 8 Pack | 592mL", "price": "$8.00", "price_calculation": "$1.35 per 100mL", "category": "Frozen"},
{"title": "Birds Eye Frozen Southern Blue Whiting Fish Fillets 6 Pack | 425g", "price": "$11.00", "price_calculation": "$25.88 per 1kg", "category": "Frozen"},
{"title": "McCain Frozen Peas | 500g", "price": "$3.30", "price_calculation": "$6.60 per 1kg", "category": "Frozen"},
{"title": "Coles Chicken Fettuccine Carbonara | 375g", "price": "$4.00", "price_calculation": "$1.07 per 100g", "category": "Frozen"},
{"title": "Birds Eye Frozen Peas Baby Whole | 500g", "price": "$4.00", "price_calculation": "$8.00 per 1kg", "category": "Frozen"},
{"title": "Birds Eye Steam Fresh Vegetables Value Carrot Broccoli & Corn | 750g", "price": "$5.50", "price_calculation": "$7.33 per 1kg", "category": "Frozen"},
{"title": "Steggles Frozen Sweet Chilli Chicken Breast Tenders | 400g", "price": "$6.00", "price_calculation": "$15.00 per 1kg", "category": "Frozen"},
{"title": "Birds Eye Deli Golden Ale Chips | 600g", "price": "$6.00", "price_calculation": "$10.00 per 1kg", "category": "Frozen"},
{"title": "Dr. Oetker Frozen Ristorante Quattro Formaggi Pizza | 340g", "price": "$6.30", "price_calculation": "$1.85 per 100g", "category": "Frozen"},
{"title": "Ben & Jerry's Ice Cream Swich Up | 458mL", "price": "$7.25", "price_calculation": "$1.58 per 100mL", "category": "Frozen"},
{"title": "Steggles Frozen Chicken Breast Goujons | 1kg", "price": "$11.00", "price_calculation": "$11.00 per 1kg", "category": "Frozen"},
{"title": "KB Frozen Prawn Hargow | 750g", "price": "$13.60", "price_calculation": "$1.81 per 100g", "category": "Frozen"},
{"title": "Birds Eye Snap Frozen Peas Corn Capsicum | 500g", "price": "$4.00", "price_calculation": "$8.00 per 1kg", "category": "Frozen"},
{"title": "Bulla Splits Summer Splits 10 Pack | 750mL", "price": "$4.00", "price_calculation": "$0.53 per 100mL", "category": "Frozen"},
{"title": "McCain Pub Style Fries | 750g", "price": "$4.80", "price_calculation": "$6.40 per 1kg", "category": "Frozen"},
{"title": "Hanabi Frozen Surimi Fried Fish Balls | 500g", "price": "$5.30", "price_calculation": "$10.60 per 1kg", "category": "Frozen"},
{"title": "Yo Chi Frozen Wild Berry Yoghurt | 500mL", "price": "$5.50", "price_calculation": "$1.10 per 100mL", "category": "Frozen"},
{"title": "Yo Chi Frozen Natural Yoghurt | 500mL", "price": "$5.50", "price_calculation": "$1.10 per 100mL", "category": "Frozen"},
{"title": "Coles Sweet Potato Crinkle Cut Fries | 750g", "price": "$6.00", "price_calculation": "$8.00 per 1kg", "category": "Frozen"},
{"title": "Borgs Extra Puff Pastry Sheet | 1.6kg", "price": "$7.00", "price_calculation": "$0.44 per 100g", "category": "Frozen"},
{"title": "Coles Frozen Party Sausage Rolls 24 Pack | 900g", "price": "$7.50", "price_calculation": "$0.83 per 100g", "category": "Frozen"},
{"title": "Coles Meals Satay Chicken | 375g", "price": "$4.00", "price_calculation": "$1.07 per 100g", "category": "Frozen"},
{"title": "Bulla Ice Cream Choc Bars Vanilla 8Pack | 600mL", "price": "$4.00", "price_calculation": "$0.67 per 100mL", "category": "Frozen"},
{"title": "Bulla Creamy Classics Neapolitan Cone 4 Pack | 520mL", "price": "$7.00", "price_calculation": "$1.35 per 100mL", "category": "Frozen"},
{"title": "Peters Drumstick Minis Super Choc & Caramel Nut Ice Cream 6 pack | 480mL", "price": "$9.50", "price_calculation": "$1.98 per 100mL", "category": "Frozen"},
{"title": "Steggles Frozen Chicken Dino Snacks | 1kg", "price": "$11.00", "price_calculation": "$11.00 per 1kg", "category": "Frozen"},
{"title": "Four N Twenty Angus Beef Cheese & Bacon Pies | 700g", "price": "$11.00", "price_calculation": "$1.57 per 100g", "category": "Frozen"},
{"title": "Sara Lee Classic French Vanilla Ice Cream | 1L", "price": "$12.00", "price_calculation": "$1.20 per 100mL", "category": "Frozen"},
{"title": "Colgate Sensitive Pro Relief Multiprotection Toothpaste | 110g", "price": "$5.50", "price_calculation": "$5.00 per 100g", "category": "Frozen"},
{"title": "Golden Wok Frozen Chicken Mini Dim Sim | 660g", "price": "$12.00", "price_calculation": "$1.82 per 100g", "category": "Frozen"},
{"title": "Schmackos Strapz With Beef Dog Treats | 500g", "price": "$16.00", "price_calculation": "$3.20 per 100g", "category": "Pet"},
{"title": "Purina Total Care Medicated Shampoo For Dogs | 350mL", "price": "$17.00", "price_calculation": "$48.57 per 1L", "category": "Pet"},
{"title": "Purina Total Care Flea Control Shampoo For Dogs | 350mL", "price": "$17.00", "price_calculation": "$48.57 per 1L", "category": "Pet"},
{"title": "Purina Total Care Brush And Shine Dog | 1 pack", "price": "$17.00", "price_calculation": "$17.00 per 1ea", "category": "Pet"},
{"title": "Purina Total Care Slicker And Massager Brush Cat | 1 pack", "price": "$17.00", "price_calculation": "$17.00 per 1ea", "category": "Pet"},
{"title": "Rufus & Coco Eco Pee Mat | 1 pack", "price": "$17.00", "price_calculation": "$17.00 per 1ea", "category": "Pet"},
{"title": "Purina Total Care Flea Knockdown for Cats, Puppies & Small Dog | 3 pack", "price": "$17.50", "price_calculation": "$5.83 per 1ea", "category": "Pet"},
{"title": "Total Care Durasling Ball Dog Toy | 1 pack", "price": "$17.50", "price_calculation": "$17.50 per 1ea", "category": "Pet"},
{"title": "Nerf 16.5Inch Crinkle Wing Launching Duck Dog Toy | 1 pack", "price": "$17.50", "price_calculation": "$17.50 per 1ea", "category": "Pet"},
{"title": "Rufus & Coco Antiseptic Aid | 75g", "price": "$18.00", "price_calculation": null, "category": "Pet"},
{"title": "Supercoat Adult Sensitive With Fish Dry Dog Food | 2.6kg", "price": "$18.00", "price_calculation": "$0.69 per 100g", "category": "Pet"},
{"title": "Optimum Adult 1+ Years Wth Oceanfish Dry Cat Food | 2kg", "price": "$19.00", "price_calculation": "$0.95 per 100g", "category": "Pet"},
{"title": "Exelpet Fleaban House & Carpet Spray | 375mL", "price": "$19.00", "price_calculation": "$50.67 per 1L", "category": "Pet"},
{"title": "Rufus & Coco Duramax Dog Lead | 1 pack", "price": "$20.00", "price_calculation": "$20.00 per 1ea", "category": "Pet"},
{"title": "Purina Total Care Dog Collar Reflective Small | 1 pack", "price": "$21.00", "price_calculation": "$21.00 per 1ea", "category": "Pet"},
{"title": "Purina Total Care Star Wars Chewbacca Rope Dog Toy | 1 pack", "price": "$21.00", "price_calculation": "$21.00 per 1ea", "category": "Pet"},
{"title": "Purina Total Care Star Wars Darth Vader Dog Toy | 1 pack", "price": "$21.00", "price_calculation": "$21.00 per 1ea", "category": "Pet"},
{"title": "Purina Total Care Pixar Alien Dog Toy | 1 pack", "price": "$21.00", "price_calculation": "$21.00 per 1ea", "category": "Pet"},
{"title": "Optimum Grain Free With Beef & Vegetables Dry Dog Food | 2.5kg", "price": "$22.00", "price_calculation": "$0.88 per 100g", "category": "Pet"},
{"title": "Purina Total Care Dog Collar Reflective Medium | 1 pack", "price": "$22.00", "price_calculation": "$22.00 per 1ea", "category": "Pet"},
{"title": "Purina Total Care Flea Tick Control Plus Medium Dog Treatment | 1 pack", "price": "$22.00", "price_calculation": "$22.00 per 1ea", "category": "Pet"},
{"title": "Optimum Dry Dog Food Skin & Coat With Turkey | 3kg", "price": "$22.00", "price_calculation": "$0.73 per 100g", "category": "Pet"},
{"title": "Purina Total Care Dog Collar Reflective Large | 1 pack", "price": "$23.00", "price_calculation": "$23.00 per 1ea", "category": "Pet"},
{"title": "Purina Total Care Flea Tick Control Plus Large Dog Treatment | 1 pack", "price": "$23.00", "price_calculation": "$23.00 per 1ea", "category": "Pet"},
{"title": "Marvel Spiderman Plush Dog Toy | 1 pack", "price": "$23.00", "price_calculation": "$23.00 per 1ea", "category": "Pet"},
{"title": "Lux And Bones Harness & Leash Extra Small | 1 pack", "price": "$23.50", "price_calculation": "$23.50 per 1ea", "category": "Pet"},
{"title": "Purina Total Care Reflective Dog Lead 120cm | 1 pack", "price": "$24.00", "price_calculation": "$24.00 per 1ea", "category": "Pet"},
{"title": "Lux And Bones Harness & Leash Small Set | 1 pack", "price": "$25.00", "price_calculation": "$25.00 per 1ea", "category": "Pet"},
{"title": "Purina Total Care Pixar Sulley Dog Toy | 1 pack", "price": "$25.00", "price_calculation": "$25.00 per 1ea", "category": "Pet"},
{"title": "Rufus & Coco Shock Ease Dog Lead | 1 pack", "price": "$25.00", "price_calculation": "$25.00 per 1ea", "category": "Pet"},
{"title": "Nature's Adult Wet Dog Food Real Chicken Loaf 24x100g | 24 pack", "price": "$26.00", "price_calculation": "$1.08 per 100g", "category": "Pet"},
{"title": "Optimum Lamb And Rice Dog Food With Trays 24x100g | 24 pack", "price": "$28.50", "price_calculation": "$1.19 per 100g", "category": "Pet"},
{"title": "Purina Total Care Heartwormer, All Wormer & Flea Control  for  Large Dogs | 1 pack", "price": "$30.00", "price_calculation": "$30.00 per 1ea", "category": "Pet"},
{"title": "Greenies Original Regular Dog Treat Pouch 12 Pack | 340g", "price": null, "price_calculation": null, "category": "Pet"},
{"title": "Greenies Original Petite Dog Treat | 340g", "price": null, "price_calculation": null, "category": "Pet"},
{"title": "Purina Total Care Tasty Heartwormer & All Wormer Small Dog | 3 pack", "price": "$36.00", "price_calculation": "$12.00 per 1ea", "category": "Pet"},
{"title": "Purina Total Care Tasty Heartwormer & All Wormer Medium Dog | 3 pack", "price": "$39.00", "price_calculation": "$13.00 per 1ea", "category": "Pet"},
{"title": "Elanco Comfortis Plus Fleas Heartworm & Worms Small Dog Treatment | 1 Pack", "price": "$40.00", "price_calculation": "$40.00 per 1ea", "category": "Pet"},
{"title": "Nood Dry Dog Food Cage Free Chicken Recipe With Superfoods | 7kg", "price": "$42.00", "price_calculation": "$0.60 per 100g", "category": "Pet"},
{"title": "Purina Total Care Tasty Heartwormer & All Wormer Large Dog | 3 pack", "price": "$44.00", "price_calculation": "$14.67 per 1ea", "category": "Pet"},
{"title": "Elevate Dry Dog Food Large Breed Chicken | 8kg", "price": "$45.00", "price_calculation": "$0.56 per 100g", "category": "Pet"},
{"title": "Pet Treat Bar Salmon Training Treat | approx 100g", "price": "$6.00", "price_calculation": "$60.00 per 1kg", "category": "Pet"},
{"title": "Pet Treat Bar Sprinkle Donut | approx 100g", "price": null, "price_calculation": null, "category": "Pet"},
{"title": "Colgate Pulse Series 2 Electric Toothbrush Deep Clean & Whitening | 1 pack", "price": "$130.00", "price_calculation": "$130.00 per 1ea", "category": "Bonus Cookware Credits"},
{"title": "Life Botanics Armour + Immune | 60 pack", "price": "$20.00", "price_calculation": "$33.33 per 100ea", "category": "Winter Essentials"},
{"title": "Coles Finest Butter Croissant Single | 1 each", "price": "$3.00", "price_calculation": "$3.00 per 1ea", "category": "Bonus Cookware Credits"},
{"title": "Nature's Way Vita Gummies Vitamin C | 120 pack", "price": "$23.00", "price_calculation": "$0.19 per 1ea", "category": "Winter Essentials"},
{"title": "Coles Finest Pain Au Raisin Single | 1 each", "price": "$3.00", "price_calculation": "$3.00 per 1ea", "category": "Bonus Cookware Credits"},
{"title": "Natures Way High Strength Gummies Sugar Free Vitamin C | 65 pack", "price": "$25.00", "price_calculation": "$0.38 per 1ea", "category": "Winter Essentials"},
{"title": "Bref Deluxe In Bowl Cleaner Delicate Magnolia | 50g", "price": "$3.50", "price_calculation": null, "category": "Bonus Cookware Credits"},
{"title": "Renovatio An Apple A Day Activated Phenolics Antioxidants | 30 pack", "price": "$29.00", "price_calculation": "$0.97 per 1ea", "category": "Winter Essentials"},
{"title": "Air Wick Pure Fresh Berries Aerosol | 159g", "price": "$4.00", "price_calculation": "$2.52 per 100g", "category": "Bonus Cookware Credits"},
{"title": "Lavazza Medium Roast Smooth And Aromatic Coffee Beans | 1kg", "price": "$38.00", "price_calculation": "$3.80 per 100g", "category": "Winter Essentials"},
{"title": "U by Kotex Tampons Regular | 16 pack", "price": "$5.00", "price_calculation": "$0.31 per 1ea", "category": "Bonus Cookware Credits"},
{"title": "Sunbeam Stainless Steel Kettle 1.7L | 1 each", "price": "$59.00", "price_calculation": "$59.00 per 1ea", "category": "Winter Essentials"},
{"title": "Vanish Preen Pre-Wash Oxi action Intelligence Stain Remover Refill  | 375mL", "price": "$5.50", "price_calculation": "$14.67 per 1L", "category": "Bonus Cookware Credits"},
{"title": "Seiki 2000W Digital Ceramic Tower Heater | 1 each", "price": "$85.00", "price_calculation": "$85.00 per 1ea", "category": "Winter Essentials"},
{"title": "Coles Finest Salted Caramel Mini Tarts 6 Pack | 200g", "price": null, "price_calculation": null, "category": "Bonus Cookware Credits"},
{"title": "Tinnies IPA Can 375mL | 16 Pack", "price": "$61.00", "price_calculation": "$10.17 per 1L", "category": "Winter Essentials"},
{"title": "Coles Finest Fruit Mince Crumble Mini Tarts 6 Pack | 220g", "price": null, "price_calculation": null, "category": "Bonus Cookware Credits"},
{"title": "Loch Lomond 18 YO Single Malt Scotch Whisky 700mL | 1 Each", "price": "$145.00", "price_calculation": null, "category": "Winter Essentials"},
{"title": "Bulla Creamy Classics Choc Honeycomb Cone 4 Pack | 520mL", "price": "$7.00", "price_calculation": "$1.35 per 100mL", "category": "Bonus Cookware Credits"},
{"title": "Blackmores Probiotics+ Immune Defence Capsules | 30 pack", "price": "$15.50", "price_calculation": "$51.67 per 100ea", "category": "Winter Essentials"},
{"title": "Colgate Interdental Brush Size 1 | 8 pack", "price": "$7.00", "price_calculation": "$0.88 per 1ea", "category": "Bonus Cookware Credits"},
{"title": "Seiki Heated Throw Blanket | 1 each", "price": "$52.00", "price_calculation": "$52.00 per 1ea", "category": "Winter Essentials"},
{"title": "Nescafe Iced Cappuccino Coffee Sachets | 8 pack", "price": "$7.60", "price_calculation": "$0.95 per 1ea", "category": "Bonus Cookware Credits"},
{"title": "Donna Hay Pancakes With Vanilla Bean Seeds | 285g", "price": "$5.95", "price_calculation": "$2.09 per 100g", "category": "Winter Essentials"},
{"title": "Nescafe Iced Salted Caramel Coffee Sachets | 8 pack", "price": "$7.60", "price_calculation": "$0.95 per 1ea", "category": "Bonus Cookware Credits"},
{"title": "Snazzee 2L Hot Water Bottle | 1 each", "price": "$8.00", "price_calculation": "$8.00 per 1ea", "category": "Winter Essentials"},
{"title": "Coles Finest Italian Grissini With Black Olive | 200g", "price": "$8.00", "price_calculation": "$4.00 per 100g", "category": "Bonus Cookware Credits"},
{"title": "Cook & Dine 12 Cup Muffin Tray | 1 each", "price": "$9.00", "price_calculation": "$9.00 per 1ea", "category": "Winter Essentials"},
{"title": "Colgate 360 Optic White Medium Battery PoWer Whitening Toothbrush | 1 pack", "price": "$8.00", "price_calculation": "$8.00 per 1ea", "category": "Bonus Cookware Credits"},
{"title": "Nature's Own High Strength Echinacea 10000mg Capsules | 30 pack", "price": "$9.00", "price_calculation": "$30.00 per 100ea", "category": "Winter Essentials"},
{"title": "Rexona Women Anti Per spirant Advance Shower Fresh Deodorant | 220mL", "price": "$8.50", "price_calculation": "$3.86 per 100mL", "category": "Bonus Cookware Credits"},
{"title": "Epzen Magnesium Bath Crystals Soothe | 900g", "price": "$9.00", "price_calculation": "$1.00 per 100g", "category": "Winter Essentials"},
{"title": "Coles Finest Gorgonzola Dolce Dop | 200g", "price": "$9.00", "price_calculation": "$45.00 per 1kg", "category": "Bonus Cookware Credits"},
{"title": "Dari's Moroccan Harira Soup | 600g", "price": "$9.95", "price_calculation": "$1.66 per 100g", "category": "Winter Essentials"},
{"title": "Uncle Tobys Le Snak French Onion Cheese Dip And Crackers 12 pack | 264g", "price": "$9.00", "price_calculation": "$3.41 per 100g", "category": "Bonus Cookware Credits"},
{"title": "Nyal Cold & Flu Fighter Day & Night Tablets | 24 pack", "price": "$11.00", "price_calculation": "$0.46 per 1ea", "category": "Winter Essentials"},
{"title": "I&J Fish Goujons | 800g", "price": "$10.00", "price_calculation": "$12.50 per 1kg", "category": "Bonus Cookware Credits"},
{"title": "Dari's Chicken & Corn Soup | 1.2kg", "price": "$12.45", "price_calculation": "$1.04 per 100g", "category": "Winter Essentials"},
{"title": "Rexona Men Clinical Protection Aerosol Sport Antiperspirant | 180mL", "price": "$11.00", "price_calculation": "$6.11 per 100mL", "category": "Bonus Cookware Credits"},
{"title": "Dimetapp Kids 2+ Black Elderberry Cold & Flu Liquid | 200mL", "price": "$15.00", "price_calculation": "$7.50 per 100mL", "category": "Winter Essentials"},
{"title": "Bref Deluxe Delicate Magnolia Twin Pack | 100g", "price": "$11.00", "price_calculation": "$11.00 per 100g", "category": "Bonus Cookware Credits"},
{"title": "Strepsils Extra Honey and Lemon Fast Numbing Sore Throat Pain Relief with Anaesthetic 36 Lozenges | 1 pack", "price": "$17.00", "price_calculation": "$17.00 per 1ea", "category": "Winter Essentials"},
{"title": "Colgate Kids Junior Powered Toothbrush | 1 pack", "price": "$12.00", "price_calculation": "$12.00 per 1ea", "category": "Bonus Cookware Credits"},
{"title": "Oil Garden Clear Mind Oil | 12mL", "price": "$17.00", "price_calculation": "$141.67 per 100mL", "category": "Winter Essentials"},
{"title": "I&J Beer Batter Wild Caught Fish Fillets | 1.03kg", "price": "$13.00", "price_calculation": "$12.62 per 1kg", "category": "Bonus Cookware Credits"},
{"title": "Comvita Olive Leaf Extract High Strength Capsules | 60 pack", "price": "$23.00", "price_calculation": "$0.38 per 1ea", "category": "Winter Essentials"},
{"title": "Botanica By Air Wick Le Fragrance Refills French Lavender Honey Blossom | 38mL", "price": "$13.15", "price_calculation": "$3.46 per 10mL", "category": "Bonus Cookware Credits"},
{"title": "Natures Way High Strength Gummies Sugar Free Zinc+ | 60 pack", "price": "$25.00", "price_calculation": "$0.42 per 1ea", "category": "Winter Essentials"},
{"title": "Air Wick Pure Cherry Blossom Fragrance Infused With Essential Oil 19mL | 2 pack", "price": "$14.00", "price_calculation": "$7.37 per 10mL", "category": "Bonus Cookware Credits"},
{"title": "Seiki 500 Watt Space Heater | 1 each", "price": "$31.00", "price_calculation": "$31.00 per 1ea", "category": "Winter Essentials"},
{"title": "Botanica Caribbean Vetiver & Sandalwood Candle | 1 each", "price": "$14.00", "price_calculation": "$14.00 per 1ea", "category": "Bonus Cookware Credits"},
{"title": "Swisse Ultiboost Immune Action | 60 pack", "price": "$32.00", "price_calculation": "$53.33 per 100ea", "category": "Winter Essentials"},
{"title": "Coles Spicy Chilli Tuna | 95g", "price": "$1.10", "price_calculation": "$11.58 per 1kg", "category": "Pantry"},
{"title": "Botanica Island Rose & African Geranium Candle | 1 each", "price": "$14.00", "price_calculation": "$14.00 per 1ea", "category": "Bonus Cookware Credits"},
{"title": "Comvita Olive Leaf Extract Natural | 500mL", "price": "$32.50", "price_calculation": "$6.50 per 100mL", "category": "Winter Essentials"},
{"title": "Coles Passata Tomato & Basil | 700g", "price": "$1.95", "price_calculation": "$0.28 per 100g", "category": "Pantry"},
{"title": "Airwick Le Prime Cherry Blossom Refill Triple | 3 pack", "price": "$18.00", "price_calculation": "$31.58 per 100mL", "category": "Bonus Cookware Credits"},
{"title": "Seiki 1000 Watt Quartz Heater | 1 each", "price": "$40.00", "price_calculation": "$40.00 per 1ea", "category": "Winter Essentials"},
{"title": "Captain's Table Classic Water Crackers | 125g", "price": "$1.40", "price_calculation": "$1.12 per 100g", "category": "Pantry"},
{"title": "Bow Wow Beef & Kangaroo Roll Dog Treats | 1 pack", "price": "$2.30", "price_calculation": "$2.30 per 1ea", "category": "Pet"},
{"title": "Woofin Good Chunks In Gravy Chicken Rice & Veg Dog Food | 720g", "price": "$3.00", "price_calculation": "$0.42 per 100g", "category": "Pet"},
{"title": "Optimum Adult 1+ Years Wth Oceanfish Dry Cat Food | 2kg", "price": "$19.00", "price_calculation": "$0.95 per 100g", "category": "Bonus Cookware Credits"},
{"title": "Seiki 1500 Watt Personal Ceramic Heater | 1 each", "price": "$45.00", "price_calculation": "$45.00 per 1ea", "category": "Winter Essentials"},
{"title": "Coles Pesto Basil | 190g", "price": "$1.95", "price_calculation": "$1.03 per 100g", "category": "Pantry"},
{"title": "Fussy Cat Grain Free Adult Chilled Fresh Cat Food Fine Mince with Chicken | 70g", "price": "$2.50", "price_calculation": "$3.57 per 100g", "category": "Pet"},
{"title": "Nature's Gift Adult All Breeds Wet Dog Food Casserole Gravy Kangaroo & Vegetables | 700g", "price": "$3.50", "price_calculation": "$0.50 per 100g", "category": "Pet"},
{"title": "U by Kotex Thinx Period Underwear Black Bikini Size 6-8 | 1 each", "price": "$20.00", "price_calculation": "$20.00 per 1ea", "category": "Bonus Cookware Credits"},
{"title": "Seiki 5 Fin Column Oil Heater | 1 each", "price": "$49.00", "price_calculation": "$49.00 per 1ea", "category": "Winter Essentials"},
{"title": "Arnott's Milk Arrowroot Plain Biscuits | 250g", "price": "$2.00", "price_calculation": "$0.80 per 100g", "category": "Pantry"},
{"title": "Woofin Good Chunks In Gravy Beef Rice & Veg Dog Food | 720g", "price": "$3.00", "price_calculation": "$0.42 per 100g", "category": "Pet"},
{"title": "Pedigree Casserole With Beef & Gravy Adult Wet Dog Food Can | 1.2kg", "price": "$4.00", "price_calculation": "$0.33 per 100g", "category": "Pet"},
{"title": "Carman's Porridge Oats Sachets Blueberry Crumble | 240g", "price": "$5.00", "price_calculation": "$2.08 per 100g", "category": "Dropped & Locked"},
{"title": "U by Kotex Thinx Period Underwear Black Bikini Size 12 | 1 each", "price": "$20.00", "price_calculation": "$20.00 per 1ea", "category": "Bonus Cookware Credits"},
{"title": "Seiki 1500 Watt 360 Degree Ceramic Heater | 1 each", "price": "$59.00", "price_calculation": "$59.00 per 1ea", "category": "Winter Essentials"},
{"title": "Coles Cheese Supreme Corn Chips | 200g", "price": "$2.30", "price_calculation": "$1.15 per 100g", "category": "Pantry"},
{"title": "Bow Wow Gluten Free Chicken Sweet Potato Carrot and Pumpkin Super Snacks | 5 pack", "price": "$3.50", "price_calculation": "$0.70 per 1ea", "category": "Pet"},
{"title": "4 Legs Slow Cooked Beef Pumpkin Broccoli & Cous Cous Dog Food | 250g", "price": "$4.00", "price_calculation": "$1.60 per 100g", "category": "Pet"},
{"title": "Remedy Kombucha Orange Squeeze | 1.25L", "price": "$6.95", "price_calculation": "$5.56 per 1L", "category": "Dropped & Locked"},
{"title": "Optimum Grain Free With Beef & Vegetables Dry Dog Food | 2.5kg", "price": "$22.00", "price_calculation": "$0.88 per 100g", "category": "Bonus Cookware Credits"},
{"title": "Nestle Block Chocolate Aero Orange | 118g", "price": "$2.75", "price_calculation": "$2.33 per 100g", "category": "Pantry"},
{"title": "Schmackos Tasty Bites Dog Treats Chewy Cubes With Chicken | 130g", "price": "$3.60", "price_calculation": "$2.77 per 100g", "category": "Pet"},
{"title": "Vitapet Chicken Wrapped Rawhide Sticks | 5 pack", "price": "$4.10", "price_calculation": "$0.82 per 1ea", "category": "Pet"},
{"title": "Red Tractor Collagen Almond Berry Granola | 450g", "price": "$7.70", "price_calculation": "$1.71 per 100g", "category": "Dropped & Locked"},
{"title": "Optimum Dry Dog Food Skin & Coat With Turkey | 3kg", "price": "$22.00", "price_calculation": "$0.73 per 100g", "category": "Bonus Cookware Credits"},
{"title": "Arnott's Family Favourites Assorted Biscuits | 500g", "price": "$4.50", "price_calculation": "$0.90 per 100g", "category": "Pantry"},
{"title": "Nature's Gift Adult Chilled Fresh Dog Food Deli Roll Kangaroo Sweet Potato & Peas | 1.4kg", "price": "$4.60", "price_calculation": "$0.33 per 100g", "category": "Pet"},
{"title": "Prime Pantry Jerky Dog Treat Chicken | 100g", "price": "$6.80", "price_calculation": "$6.80 per 100g", "category": "Pet"},
{"title": "Charlotte's Bakery Slow Cooked Steak & Pepper Pies 2 pack | 400g", "price": "$8.20", "price_calculation": "$2.05 per 100g", "category": "Dropped & Locked"},
{"title": "U by Kotex Thinx Period Underwear Ruby High Waisted Size 6-8 | 1 pack", "price": "$25.00", "price_calculation": "$25.00 per 1ea", "category": "Bonus Cookware Credits"},
{"title": "Red Rock Deli Sweet Chilli & Sour Cream Potato Chips | 290g", "price": "$6.00", "price_calculation": "$2.07 per 100g", "category": "Pantry"},
{"title": "Bow Wow Pork Bones Twin Pack Dog Treats | 2 pack", "price": "$4.80", "price_calculation": "$2.40 per 1ea", "category": "Pet"},
{"title": "4 Legs Wellness Boost With Kangaroo Vegies & Fruit Meatballs Dog Food Tray | 870g", "price": "$7.80", "price_calculation": "$0.90 per 100g", "category": "Pet"},
{"title": "Charlotte'S Bakery Slow Cooked Beef Shiraz & Onion Pies 2 Pack | 400g", "price": "$8.20", "price_calculation": "$2.05 per 100g", "category": "Dropped & Locked"},
{"title": "U by Kotex Thinx Period Underwear Ruby High Waisted Size 12 | 1 pack", "price": "$25.00", "price_calculation": "$25.00 per 1ea", "category": "Bonus Cookware Credits"},
{"title": "Coles Tuna Chunks in Springwater | 95g", "price": "$1.10", "price_calculation": "$11.58 per 1kg", "category": "Pantry"},
{"title": "Dine Fresh And Fine Chunks In Gravy With Salmon And Tuna Cat Food Pouch 6x50g | 6 pack", "price": "$5.00", "price_calculation": "$1.67 per 100g", "category": "Pet"},
{"title": "Dine Cuts In Gravy With Turkey Wet Cat Food 85g Tray | 7 pack", "price": "$9.00", "price_calculation": "$1.51 per 100g", "category": "Pet"},
{"title": "Birds Eye Frozen Steam Fresh Fish Fillets With Thai Red Curry Sauce 2 Pack | 380g", "price": "$9.00", "price_calculation": "$23.68 per 1kg", "category": "Dropped & Locked"},
{"title": "Optimum Lamb And Rice Dog Food With Trays 24x100g | 24 pack", "price": "$28.50", "price_calculation": "$1.19 per 100g", "category": "Bonus Cookware Credits"},
{"title": "Lifesavers Bananas                                                                                                                          | 160g", "price": "$2.00", "price_calculation": "$1.25 per 100g", "category": "Pantry"},
{"title": "V.I.P Paws Adult Chilled Fresh Dog Food Reg Diced Tender Chicken | 600g", "price": "$5.50", "price_calculation": "$0.92 per 100g", "category": "Pet"},
{"title": "Fussy Cat Grain Free Twice as Tasty Adult Wet Cat Food Pate & Pieces 12x80gm | 12 pack", "price": "$9.45", "price_calculation": "$0.98 per 100g", "category": "Pet"},
{"title": "Pacific West Japanese Gyoza | 700g", "price": "$10.00", "price_calculation": "$1.43 per 100g", "category": "Dropped & Locked"},
{"title": "Colgate Optic White Pro Series Teeth Whitening Treatment Pen With 3% Hydrogen Peroxide | 2.5mL", "price": "$35.00", "price_calculation": "$35.00 per 1ea", "category": "Bonus Cookware Credits"},
{"title": "Barilla Pasta Risoni  | 500g", "price": "$2.80", "price_calculation": "$0.56 per 100g", "category": "Pantry"},
{"title": "Fancy Feast Dry Cat Food Tuna Prawn Mackerel Crab | 450g", "price": "$5.50", "price_calculation": "$1.22 per 100g", "category": "Pet"},
{"title": "My Dog Adult Wet Dog Food Classic Loaf With Gourmet Beef 6x100G Trays | 6 pack", "price": "$9.50", "price_calculation": "$1.58 per 100g", "category": "Pet"},
{"title": "Coles One Pot Beef Mexican | 500g", "price": "$11.00", "price_calculation": "$22.00 per 1kg", "category": "Dropped & Locked"},
{"title": "Colgate Pulse Electric Toothbrush Deep Clean | 1 pack", "price": "$40.00", "price_calculation": "$40.00 per 1ea", "category": "Bonus Cookware Credits"},
{"title": "Cheezels Original Cheese Snacks | 125g", "price": "$3.25", "price_calculation": "$2.60 per 100g", "category": "Pantry"},
{"title": "Coles Cat Food Pouch Fish Variety 85g | 12 pack", "price": "$6.00", "price_calculation": "$0.59 per 100g", "category": "Pet"},
{"title": "Woofin Good Chicken Tenders Dog Treat | 200g", "price": "$10.00", "price_calculation": "$5.00 per 100g", "category": "Pet"},
{"title": "Quest Protein Bar Birthday Cake 4x60g | 240g", "price": "$14.50", "price_calculation": "$6.04 per 100g", "category": "Dropped & Locked"},
{"title": "Finish Quantum Ultimate Pro Baking Soda | 32 pack", "price": "$48.00", "price_calculation": "$1.50 per 1ea", "category": "Bonus Cookware Credits"},
{"title": "MasterChef BarbeRue Sauce | 375mL", "price": "$5.00", "price_calculation": "$1.33 per 100mL", "category": "Pantry"},
{"title": "Friskies Delight Indoor Adult Dry Cat Food | 1kg", "price": "$8.00", "price_calculation": "$0.80 per 100g", "category": "Pet"},
{"title": "Elevate Adult Dog Chicken Chunks With Peas & Sweet Potato In Gravy 12X100g | 12 pack", "price": "$10.50", "price_calculation": "$0.88 per 100g", "category": "Pet"},
{"title": "MasterFoods Hollandaise Finishing Sauce | 160g", "price": "$2.50", "price_calculation": "$0.16 per 10g", "category": "Dropped & Locked"},
{"title": "Colgate Optic White Pro Series 4.5% Express Pen | 1 pack", "price": "$50.00", "price_calculation": "$50.00 per 1ea", "category": "Bonus Cookware Credits"},
{"title": "Doritos Cheese Supreme Corn Chips Sharepack | 380g", "price": "$6.00", "price_calculation": "$1.58 per 100g", "category": "Pantry"},
{"title": "Catlux Light Clumping Cat Litter | 6L", "price": "$9.00", "price_calculation": "$1.50 per 1L", "category": "Pet"},
{"title": "Whiskas 1+ Years So Fishy Recipe Ocean Platter In Jelly Cat Food 85g | 12 pack", "price": "$13.50", "price_calculation": "$1.32 per 100g", "category": "Pet"},
{"title": "Coles Happy Birthday Glitter Cake Topper | 1 each", "price": "$2.80", "price_calculation": "$2.80 per 1ea", "category": "Dropped & Locked"},
{"title": "Cadbury Crunchie Chocolate bar | 50g", "price": "$1.00", "price_calculation": "$2.00 per 100g", "category": "Pantry"},
{"title": "Optimum Dry Cat Food 2-12 Months Kitten With Chicken | 800g", "price": "$12.00", "price_calculation": "$1.50 per 100g", "category": "Pet"},
{"title": "Macro Meats Pets Mince | 2kg", "price": "$13.50", "price_calculation": "$0.68 per 100g", "category": "Pet"},
{"title": "Coles Medium Multicolour Plain Candles | 16 pack", "price": "$2.80", "price_calculation": "$0.18 per 1ea", "category": "Dropped & Locked"},
{"title": "Whittakers Peanut Chocolate Slab | 50g", "price": "$1.00", "price_calculation": "$2.00 per 100g", "category": "Pantry"},
{"title": "Felix Sensations Jellies Fishy Selection Cat Food | 12 pack", "price": "$14.50", "price_calculation": "$1.42 per 100g", "category": "Pet"},
{"title": "Purina One Adult Dry Cat Food Hairball Chicken | 1.4kg", "price": "$17.00", "price_calculation": "$1.21 per 100g", "category": "Pet"},
{"title": "Nivea Men Deodorant Roll On Intense Protection Sport | 50mL", "price": "$3.69", "price_calculation": "$7.38 per 100mL", "category": "Dropped & Locked"},
{"title": "Doritos Mild Salsa Dips | 300g", "price": "$2.75", "price_calculation": "$0.92 per 100g", "category": "Pantry"},
{"title": "Pet Treat Bar Peanut Butter Dog Biscuits | approx 100g", "price": "$6.00", "price_calculation": "$60.00 per 1kg", "category": "Pet"},
{"title": "Coles Cat Litter Crystal | 6kg", "price": "$31.00", "price_calculation": "$5.17 per 1kg", "category": "Pet"},
{"title": "Nivea Men Deodorant Roll On Intense Protection Strength | 50mL", "price": "$3.69", "price_calculation": "$7.38 per 100mL", "category": "Dropped & Locked"},
{"title": "Mutti Tomato Passata | 700g", "price": "$3.30", "price_calculation": "$0.47 per 100g", "category": "Pantry"},
{"title": "Pet Treat Bar Yoghurt Buttons | approx 100g", "price": "$6.00", "price_calculation": "$60.00 per 1kg", "category": "Pet"},
{"title": "Pet Treat Bar Kangaroo Tail Segments | approx 100g", "price": "$6.00", "price_calculation": "$60.00 per 1kg", "category": "Pet"},
{"title": "Nivea Women Deodorant Roll On Pearl & Beauty | 50mL", "price": "$3.69", "price_calculation": "$7.38 per 100mL", "category": "Dropped & Locked"},
{"title": "Coles Tuna Sweet Chilli | 95g", "price": "$1.10", "price_calculation": "$11.58 per 1kg", "category": "Pantry"},
{"title": "Fancy Feast Creamy Delights With Grilled Chicken Cat Food | 85g", "price": "$1.90", "price_calculation": "$2.24 per 100g", "category": "Pet"},
{"title": "Pet Treat Bar Premium Beef Liver Treats | approx 100g", "price": "$6.00", "price_calculation": "$60.00 per 1kg", "category": "Pet"},
{"title": "Hart & Soul Gluten Free Spiced Lentil Soup Pouch | 400g", "price": "$3.80", "price_calculation": "$0.95 per 100g", "category": "Dropped & Locked"},
{"title": "Campbell's Real Stock Chicken Stock | 500mL", "price": "$2.75", "price_calculation": "$0.55 per 100mL", "category": "Winter Essentials"},
{"title": "Zafarelli Spaghetti No 4 | 500g", "price": "$1.85", "price_calculation": "$0.37 per 100g", "category": "Pantry"},
{"title": "Fancy Feast Creamy Delights With Pate Salmon Cat Food | 85g", "price": "$1.90", "price_calculation": "$2.24 per 100g", "category": "Pet"},
{"title": "Pet Treat Bar Toothbrush | approx 100g", "price": "$6.00", "price_calculation": "$60.00 per 1kg", "category": "Pet"},
{"title": "Hart & Soul Pouch Soup Curried Sweet Potato | 400g", "price": "$3.80", "price_calculation": "$0.95 per 100g", "category": "Dropped & Locked"},
{"title": "Coles Kitchen Butternut Pumpkin Soup | 300g", "price": "$3.00", "price_calculation": "$1.00 per 100g", "category": "Winter Essentials"},
{"title": "Lifesavers Stix Sherbert Fizz Mixed | 220g", "price": "$2.00", "price_calculation": "$0.91 per 100g", "category": "Pantry"},
{"title": "Purina One Succulent Chicken In Gravy Urinary Care Cat Food Pouch | 70g", "price": "$2.00", "price_calculation": "$2.86 per 100g", "category": "Pet"},
{"title": "Coles Cat Food Beef & Liver | 400g", "price": "$1.75", "price_calculation": "$0.44 per 100g", "category": "Pet"},
{"title": "Golden Circle Cordial Orange Crush Cordial | 2L", "price": "$3.90", "price_calculation": "$1.95 per 1L", "category": "Dropped & Locked"},
{"title": "Canadian Club Whisky 700mL | 1 Each", "price": "$45.00", "price_calculation": "$64.29 per 1L", "category": "Winter Essentials"},
{"title": "Nutella T3 Cream Biscuits | 42g", "price": "$2.50", "price_calculation": "$5.95 per 100g", "category": "Pantry"},
{"title": "My Dog Classic Loaf With Succulent Kangaroo Can Wet Dog Food | 400g", "price": "$2.10", "price_calculation": "$0.53 per 100g", "category": "Pet"},
{"title": "Optimum Lamb & Rice Adult Wet Dog Food Tray | 100g", "price": "$1.80", "price_calculation": "$1.80 per 100g", "category": "Pet"},
{"title": "Australian Organic Roast Pumpkin & Sweet Potato Soup | 330g", "price": "$3.90", "price_calculation": "$1.18 per 100g", "category": "Dropped & Locked"},
{"title": "Coles Kitchen Chicken & Corn Soup | 300g", "price": "$3.00", "price_calculation": "$1.00 per 100g", "category": "Winter Essentials"},
{"title": "Arnott's Shapes Savoury Cracker Biscuits | 185g", "price": "$2.75", "price_calculation": "$1.49 per 100g", "category": "Pantry"},
{"title": "Fancy Feast Medleys White Meat Chicken Florentine & Garden Greens Cat Food | 85g", "price": "$2.30", "price_calculation": "$2.71 per 100g", "category": "Pet"},
{"title": "Optimum Adult Dog Food With Real Kangaroo & Vegetables | 100g", "price": "$1.80", "price_calculation": "$1.80 per 100g", "category": "Pet"},
{"title": "Coles Tropical Fish Food Flakes | 36g", "price": "$4.40", "price_calculation": "$12.22 per 100g", "category": "Dropped & Locked"},
{"title": "Uncle Tobys Oats Quick Sachets Breakfast Cereal Creamy Honey Big Bowl | 368g", "price": "$5.80", "price_calculation": "$1.58 per 100g", "category": "Winter Essentials"},
{"title": "Kettle Potato Chips Honey Baked Ham | 150g", "price": "$3.00", "price_calculation": "$2.00 per 100g", "category": "Pantry"},
{"title": "Fancy Feast Royale Virgin Flaked Tuna Cat Food | 85g", "price": "$2.30", "price_calculation": "$2.71 per 100g", "category": "Pet"},
{"title": "My Dog Shredded Meals Kangaroo Dog Food | 100g", "price": "$1.80", "price_calculation": "$1.80 per 100g", "category": "Pet"},
{"title": "Coles Tall Glitter Candles Gold Or Silver | 16 pack", "price": "$4.70", "price_calculation": "$0.29 per 1ea", "category": "Dropped & Locked"},
{"title": "Nestle Milo Chocolate Malt Powder Drink Hot Or Cold | 1kg", "price": "$12.00", "price_calculation": "$1.20 per 100g", "category": "Winter Essentials"},
{"title": "Extra Peppermint Sugar Free Chewing Gum 3x27g | 81g", "price": "$4.50", "price_calculation": "$5.56 per 100g", "category": "Pantry"},
{"title": "Fussy Cat Grain Free Crunchers Adult Cat Treats With Beef & Liver | 100g", "price": "$2.80", "price_calculation": "$2.80 per 100g", "category": "Pet"},
{"title": "Purina One Succulent Chicken In Gravy Hairball Cat Food Pouch | 70g", "price": "$2.00", "price_calculation": "$2.86 per 100g", "category": "Pet"},
{"title": "Coles Crepe Bandage Medium | 1 each", "price": "$5.00", "price_calculation": "$5.00 per 1ea", "category": "Dropped & Locked"},
{"title": "Wynns 'The Siding' Cabernet Sauvignon 750mL | 1 Each", "price": "$14.00", "price_calculation": "$18.67 per 1L", "category": "Winter Essentials"},
{"title": "Vegemite Spread | 220g", "price": "$4.70", "price_calculation": "$2.14 per 100g", "category": "Pantry"},
{"title": "Schmackos Tasty Bites Cheesy Nibbles Cheese & Beef Dog Treat | 140g", "price": "$3.60", "price_calculation": "$2.57 per 100g", "category": "Pet"},
{"title": "Bow Wow Chicken Fillets Dog Treat | 1 pack", "price": "$2.00", "price_calculation": "$2.00 per 1ea", "category": "Pet"},
{"title": "Coles Classic Dressing Adhesive Tape 2.5cm x 5m | 1 each", "price": "$5.00", "price_calculation": "$1.00 per 1M", "category": "Dropped & Locked"},
{"title": "Campbell's Condensed Soup Can Tomato | 420g", "price": "$2.20", "price_calculation": "$0.52 per 100g", "category": "Winter Essentials"},
{"title": "Bonne Maman Strawberry Jam | 370g", "price": "$5.35", "price_calculation": "$1.45 per 100g", "category": "Pantry"},
{"title": "Temptations Cat Treats Creamy Dairy | 85g", "price": "$5.00", "price_calculation": "$5.88 per 100g", "category": "Pet"},
{"title": "Fancy Feast Medleys Tender Turkey Tuscany With Rice & Garden Greens Cat Food | 85g", "price": "$2.30", "price_calculation": "$2.71 per 100g", "category": "Pet"},
{"title": "Red Tractor Low Sugar Granola Vanilla Blueberry | 450g", "price": "$6.70", "price_calculation": "$1.49 per 100g", "category": "Dropped & Locked"},
{"title": "Campbell's Condensed Soup Can Cream Of Chicken | 420g", "price": "$2.20", "price_calculation": "$0.52 per 100g", "category": "Winter Essentials"},
{"title": "Coles Seaweed Rice Crackers | 100g", "price": "$0.90", "price_calculation": "$0.90 per 100g", "category": "Pantry"},
{"title": "Fancy Feast Dry Cat Food Beef Salmon Cheese | 450g", "price": "$5.50", "price_calculation": "$1.22 per 100g", "category": "Pet"},
{"title": "Fussy Cat Grain Free Crunchers Adult Cat Treats Chicken | 100g", "price": "$2.80", "price_calculation": "$2.80 per 100g", "category": "Pet"},
{"title": "Street Supreme Pizza | 385g", "price": "$8.60", "price_calculation": "$2.23 per 100g", "category": "Dropped & Locked"},
{"title": "Tetley Tea Bags 100 pack | 180g", "price": "$3.80", "price_calculation": "$0.04 per 1ea", "category": "Winter Essentials"},
{"title": "Coles Table Salt | 1kg", "price": "$2.00", "price_calculation": "$0.02 per 10g", "category": "Pantry"},
{"title": "Coles Adult Chilled Fresh Dog Food Roll Chicken & Rice | 3kg", "price": "$6.00", "price_calculation": "$0.20 per 100g", "category": "Pet"},
{"title": "My Dog Classic Loaf With Tender Beef & Veal Can Wet Dog Food | 680g", "price": "$4.50", "price_calculation": "$0.66 per 100g", "category": "Pet"},
{"title": "Purr Cat Food Meat Selection 27x85g | 27 pack", "price": "$22.50", "price_calculation": "$0.98 per 100g", "category": "Dropped & Locked"},
{"title": "Gravox Traditional Gravy Mix Tin | 120g", "price": "$5.00", "price_calculation": "$4.17 per 100g", "category": "Winter Essentials"},
{"title": "Extra Peppermint Sugar Free Chewing Gum | 27g", "price": "$2.20", "price_calculation": "$8.15 per 100g", "category": "Pantry"},
{"title": "Coles Cat Food Pouch Poultry Variety 12x85g | 12 pack", "price": "$6.00", "price_calculation": "$0.59 per 100g", "category": "Pet"},
{"title": "Coles Chunky Recipe Chilled Fresh Dog & Cat Food Mince | 800g", "price": "$5.10", "price_calculation": "$0.64 per 100g", "category": "Pet"},
{"title": "Radiant Whites Or Colours Laundry Powder Washing Detergent | 4kg", "price": "$23.00", "price_calculation": "$5.75 per 1kg", "category": "Dropped & Locked"},
{"title": "Coles Smooth Hazelnut Spread | 1kg", "price": "$6.00", "price_calculation": "$0.60 per 100g", "category": "Winter Essentials"},
{"title": "Barilla Pasta Fusilli  | 500g", "price": "$2.80", "price_calculation": "$0.56 per 100g", "category": "Pantry"},
{"title": "Nature's Gift Puppy Chilled Fresh Dog Food Meatballs with Chicken & Garden Vegetables | 650g", "price": "$6.00", "price_calculation": "$0.92 per 100g", "category": "Pet"},
{"title": "Lux And Bones Kitty Kievs Cat Food Chicken & Tuna | 40g", "price": "$5.50", "price_calculation": "$13.75 per 100g", "category": "Pet"},
{"title": "Coles Happy Birthday Edible Cake Plaque | 1 each", "price": "$2.70", "price_calculation": "$2.70 per 1ea", "category": "Dropped & Locked"},
{"title": "Bonne Maman Raspberry Jam | 370g", "price": "$6.70", "price_calculation": "$1.81 per 100g", "category": "Winter Essentials"},
{"title": "The Natural Confectionery Co. Snakes Lollies | 230g", "price": "$4.00", "price_calculation": "$1.74 per 100g", "category": "Pantry"},
{"title": "Natures Goodness Grain Free Adult Chilled Fresh Dog Food Roll Roast Meat With Sweet Potato | 2.15kg", "price": "$8.00", "price_calculation": "$0.37 per 100g", "category": "Pet"},
{"title": "Whiskas Milk Plus Cat Treat | 1L", "price": "$5.50", "price_calculation": "$0.55 per 100mL", "category": "Pet"},
{"title": "Straten Small Patterned Cups | 20 pack", "price": "$3.15", "price_calculation": "$0.16 per 1ea", "category": "Dropped & Locked"},
{"title": "Coles Beef Blade Roast | approx 1.42kg", "price": "$21.30", "price_calculation": "$15.00 per 1kg", "category": "Winter Essentials"},
{"title": "Sunrice Medium Grain Brown Rice | 5kg", "price": "$19.00", "price_calculation": "$0.38 per 100g", "category": "Pantry"},
{"title": "Natures Goodness Grain Free Mature Adult Chilled Fresh Dog Food Roll Roast Turkey and Steamed Vegetables | 2.15kg", "price": "$8.00", "price_calculation": "$0.37 per 100g", "category": "Pet"},
{"title": "Bow Wow All Natural Rabbit Ears Dog Treat | 10 pack", "price": "$5.95", "price_calculation": "$0.60 per 1ea", "category": "Pet"},
{"title": "Coles Finest All Butter Gouda & Edam Pinwheel Crackers | 90g", "price": "$3.50", "price_calculation": "$3.89 per 100g", "category": "Dropped & Locked"},
{"title": "Glenfiddich 12YO Single Malt Scotch Whisky 700mL | 1 Each", "price": "$95.00", "price_calculation": "$135.72 per 1L", "category": "Winter Essentials"},
{"title": "Coles Rice Crackers Cheese | 100g", "price": "$0.90", "price_calculation": "$0.90 per 100g", "category": "Pantry"},
{"title": "Vitapet Chicken Wrapped Rawhide Mini Bones | 7 pack", "price": "$8.80", "price_calculation": "$1.26 per 1ea", "category": "Pet"},
{"title": "Trill Bird Seed Small Parrot Mix | 1.8Kg", "price": "$6.00", "price_calculation": null, "category": "Pet"},
{"title": "Nivea Women Roll On Intense Protection Comfort | 50mL", "price": "$3.69", "price_calculation": "$7.38 per 100mL", "category": "Dropped & Locked"},
{"title": "Coles Kitchen Beef Vegetable And Barley Soup | 300g", "price": "$3.00", "price_calculation": "$1.00 per 100g", "category": "Winter Essentials"},
{"title": "Heinz Big Red Tomato Soup Can | 420g", "price": "$2.00", "price_calculation": "$0.48 per 100g", "category": "Pantry"},
{"title": "Dine Cuts In Gravy With Beef And Liver Wet Cat Food 85g Tray | 7 pack", "price": "$9.00", "price_calculation": "$1.51 per 100g", "category": "Pet"},
{"title": "Fancy Feast Petit Cuisine Chicken Turkey Cat Food 6x50g | 6 pack", "price": "$6.30", "price_calculation": "$2.10 per 100g", "category": "Pet"},
{"title": "Nivea Men Roll On Intense Protection Fresh | 50mL", "price": "$3.69", "price_calculation": "$7.38 per 100mL", "category": "Dropped & Locked"},
{"title": "Kleenex Aloe Vera & Vitamin E Pocket Pack 4 Ply Facial Tissues 6x9 | 6 pack", "price": "$3.70", "price_calculation": "$6.85 per 100ea", "category": "Winter Essentials"},
{"title": "Cheetos Cheese And Bacon Balls | 90g", "price": "$2.70", "price_calculation": "$3.00 per 100g", "category": "Pantry"},
{"title": "Purina Felix Doubly Delicious Meat Selection In Jelly | 12 pack", "price": "$14.50", "price_calculation": "$1.42 per 100g", "category": "Pet"},
{"title": "Fussy Cat Grain Free Adult Chilled Fresh Cat Food Prime Steak Mince with Chicken | 450g", "price": "$6.50", "price_calculation": "$1.44 per 100g", "category": "Pet"},
{"title": "Australian Organic Chicken & Vegetable Soup | 330g", "price": "$3.90", "price_calculation": "$1.18 per 100g", "category": "Dropped & Locked"},
{"title": "Mayver's Smooth Natural Peanut Butter | 375g", "price": "$4.60", "price_calculation": "$1.23 per 100g", "category": "Winter Essentials"},
{"title": "Coles Australian Peanuts Unsalted | 375g", "price": "$3.00", "price_calculation": "$8.00 per 1kg", "category": "Pantry"},
{"title": "World's Best Clumping Formula Cat Litter | 3.63 kg", "price": "$20.00", "price_calculation": "$5.51 per 1kg", "category": "Pet"},
{"title": "Schmackos Strapz With Beef Dog Treats | 200g", "price": "$7.50", "price_calculation": "$3.75 per 100g", "category": "Pet"},
{"title": "Coles Bunting Gold | 1 each", "price": "$4.05", "price_calculation": "$4.05 per 1ea", "category": "Dropped & Locked"},
{"title": "St Helena Brandy 700mL | 1 Each", "price": "$36.00", "price_calculation": "$51.43 per 1L", "category": "Winter Essentials"},
{"title": "Breeders Choice Cat Litter Paper | 15L", "price": "$20.00", "price_calculation": "$1.33 per 1L", "category": "Pet"},
{"title": "Purina Lucky Dog Bones Original Dog Treat | 800g", "price": "$8.50", "price_calculation": "$1.06 per 100g", "category": "Pet"},
{"title": "Well & Good Traditional Cheddar Flavour Vegan Cheesy Mac | 110g", "price": "$4.25", "price_calculation": "$3.86 per 100g", "category": "Dropped & Locked"},
{"title": "Massel Gourmet Liquid Stock Vegetable | 1L", "price": "$4.00", "price_calculation": "$0.40 per 100mL", "category": "Winter Essentials"},
{"title": "Fussy Cat Grain Free Adult Dry Cat Food Chicken & Turkey With Cranberry | 2.5 Kg", "price": "$24.00", "price_calculation": "$0.96 per 100g", "category": "Pet"},
{"title": "Coles Bird Seed Wildbird | 5kg", "price": "$9.95", "price_calculation": "$0.20 per 100g", "category": "Pet"},
{"title": "Coles Congrats Acrylic Plaque Gold & Silver | 1 each", "price": "$4.50", "price_calculation": "$4.50 per 1ea", "category": "Dropped & Locked"},
{"title": "The Honey Collective Co Pure Honey Twist & Squeeze | 375g", "price": "$4.40", "price_calculation": "$1.17 per 100g", "category": "Winter Essentials"},
{"title": "Optimum Adult Dog Food Salmon And Rice | 100g", "price": "$1.80", "price_calculation": "$1.80 per 100g", "category": "Pet"},
{"title": "Ultimates Indulge Responsibly Fished Tuna & Barramundi Cat Food Canned  | 85g", "price": "$2.00", "price_calculation": "$2.35 per 100g", "category": "Pet"},
{"title": "Coles Happy Birthday Acrylic Cake Topper | 1 each", "price": "$4.65", "price_calculation": "$4.65 per 1ea", "category": "Dropped & Locked"},
{"title": "Vicks Vapodrop Original Menthol Lozenges | 42 pack", "price": "$5.35", "price_calculation": "$0.13 per 1ea", "category": "Winter Essentials"},
{"title": "Woofin Good Grainfree Chunks In Gravy Chicken & Vegetables Dog Food | 400g", "price": "$2.00", "price_calculation": "$0.50 per 100g", "category": "Pet"},
{"title": "My Dog Classic Loaf With Tender Beef & Veal Can Wet Dog Food | 400g", "price": "$2.10", "price_calculation": "$0.53 per 100g", "category": "Pet"},
{"title": "Birds Eye Broccoli- Cauli- Garlic & Parsley Veggie Rice | 500g", "price": "$4.95", "price_calculation": "$9.90 per 1kg", "category": "Dropped & Locked"},
{"title": "Red Tractor Organic Rolled Oats | 1kg", "price": "$7.50", "price_calculation": "$0.75 per 100g", "category": "Winter Essentials"},
{"title": "Applaws Cat Treat Tuna Loin | 30g", "price": "$2.80", "price_calculation": "$9.33 per 100g", "category": "Pet"},
{"title": "Optimum Beef & Rice Wet Dog Food Can Adult | 400g", "price": "$2.80", "price_calculation": "$0.70 per 100g", "category": "Pet"},
{"title": "Somat Intensive Machine Cleaner | 250mL", "price": "$5.40", "price_calculation": "$2.16 per 100mL", "category": "Dropped & Locked"},
{"title": "Coles Ultra Disinfectant Eucalyptus | 1.25L", "price": "$2.50", "price_calculation": "$0.20 per 100mL", "category": "Winter Essentials"},
{"title": "Optimum Adult With Chicken & Rice Wet Dog Food Can | 400g", "price": "$2.80", "price_calculation": "$0.70 per 100g", "category": "Pet"},
{"title": "Kraft Mac And Cheese Original Pasta Macaroni Noodles | 410g", "price": "$5.80", "price_calculation": "$1.41 per 100g", "category": "Dropped & Locked"},
{"title": "Coles Kitchen Chicken Noodle Soup | 300g", "price": "$3.00", "price_calculation": "$1.00 per 100g", "category": "Winter Essentials"},
{"title": "Coles Reusable Gel Hot/Cold Pack | 1 each", "price": "$7.00", "price_calculation": "$7.00 per 1ea", "category": "Dropped & Locked"},
{"title": "Coles Hot Chocolate Sachets | 10 pack", "price": "$3.25", "price_calculation": "$0.33 per 1ea", "category": "Winter Essentials"},
{"title": "Heinz One Pan Italian Risotto Frozen Rice Meal | 600g", "price": "$9.00", "price_calculation": "$1.50 per 100g", "category": "Dropped & Locked"},
{"title": "McKenzie's Split Red Lentils | 1kg", "price": "$4.80", "price_calculation": "$0.48 per 100g", "category": "Winter Essentials"},
{"title": "Coles One Pot Beef Bourguignon | 500g", "price": "$11.00", "price_calculation": "$22.00 per 1kg", "category": "Dropped & Locked"},
{"title": "Uncle Tobys Oats Quick Sachets Berry Variety | 350g", "price": "$6.30", "price_calculation": "$1.80 per 100g", "category": "Winter Essentials"},
{"title": "Difflam Plus Triple Action Wildberry | 32 pack", "price": "$15.00", "price_calculation": "$0.47 per 1ea", "category": "Dropped & Locked"},
{"title": "Coles Disinfectant Lavender | 2L", "price": "$1.40", "price_calculation": "$0.07 per 100mL", "category": "Winter Essentials"},
{"title": "Somat Excellence Dishwashing Tablets | 30 pack", "price": "$18.00", "price_calculation": "$0.60 per 1ea", "category": "Dropped & Locked"},
{"title": "Mayver's Crunchy Natural Peanut Butter | 375g", "price": "$4.60", "price_calculation": "$1.23 per 100g", "category": "Winter Essentials"},
{"title": "Breathe Right Nasal Strips | 30 pack", "price": "$28.00", "price_calculation": "$0.93 per 1ea", "category": "Dropped & Locked"},
{"title": "Dari's Creamy Pumpkin Soup | 550g", "price": "$5.50", "price_calculation": "$1.00 per 100g", "category": "Winter Essentials"},
{"title": "OMO Ultimate Laundry Liquid | 4L", "price": "$34.00", "price_calculation": "$8.50 per 1L", "category": "Dropped & Locked"},
{"title": "Cenovis Mega Vitamin C 1000mg Tablets For Immunity | 60 pack", "price": "$5.55", "price_calculation": "$0.09 per 1ea", "category": "Winter Essentials"},
{"title": "Coles Diced Dates | 200g", "price": "$2.25", "price_calculation": "$1.13 per 100g", "category": "Dropped & Locked"},
{"title": "Continental French Onion Soup Serves 4 | 40g", "price": "$1.20", "price_calculation": "$3.00 per 100g", "category": "Winter Essentials"},
{"title": "Cenovis Sugarless Vitamin C 500mg Tablets For Immunity | 160 pack", "price": "$6.67", "price_calculation": "$0.04 per 1ea", "category": "Winter Essentials"},
{"title": "Moccona Classic Medium Decaffeinated Instant Coffee | 100g", "price": "$12.50", "price_calculation": "$12.50 per 100g", "category": "Winter Essentials"},
{"title": "Coles Condensed Canned Soup Tomato | 420g", "price": "$0.80", "price_calculation": "$0.19 per 100g", "category": "Winter Essentials"},
{"title": "Nurofen Zavance Tablets Pain Relief 256mg Ibuprofen | 24 pack", "price": "$7.50", "price_calculation": "$0.31 per 1ea", "category": "Winter Essentials"},
{"title": "Fat Bastard Chardonnay 750mL | 1 Each", "price": "$22.00", "price_calculation": "$2.93 per 100mL", "category": "Winter Essentials"},
{"title": "Coles Original Pancake Shake Mix | 350g", "price": "$1.80", "price_calculation": "$0.51 per 100g", "category": "Winter Essentials"},
{"title": "Coles Pancake Shake Mix Buttermilk | 350g", "price": "$1.80", "price_calculation": "$0.51 per 100g", "category": "Winter Essentials"},
{"title": "Campbell's Real Stock Beef Stock Salt Reduced | 1L", "price": "$2.25", "price_calculation": "$0.23 per 100mL", "category": "Winter Essentials"},
{"title": "Coles Cream Cheese Spread | 245g", "price": "$2.90", "price_calculation": "$11.84 per 1kg", "category": "Winter Essentials"},
{"title": "Continental Superb Chicken Stock Powder | 130g", "price": "$3.00", "price_calculation": "$0.23 per 10g", "category": "Winter Essentials"},
{"title": "Starbucks Signature Hot Chocolate 42% Cocoa | 330g", "price": "$8.60", "price_calculation": "$2.61 per 100g", "category": "Winter Essentials"},
{"title": "Muscle Nation Custard Casein Protein Powder Cookies & Cream | 100g", "price": null, "price_calculation": null, "category": "Pantry"},
{"title": "Muscle Nation Protein Chocolate Funfetti Cake | 100g", "price": null, "price_calculation": null, "category": "Pantry"},
{"title": "Muscle Nation Protein Chocolate Hazelnut | 100g", "price": null, "price_calculation": null, "category": "Pantry"},
{"title": "Noshu Low Carb Chocolate Mint Indulgence Bars | 150g", "price": null, "price_calculation": null, "category": "Pantry"},
{"title": "Nescafe Ristretto Ardenza Capsules 16 Pack | 16 pack", "price": null, "price_calculation": null, "category": "Pantry"},
{"title": "Artisan Sour Red Cherries | 90g", "price": "$9.00", "price_calculation": "$100.01 per 1kg", "category": "Pantry"},
{"title": "Uncle Tobys Le Snak French Onion Cheese Dip And Crackers 12 pack | 264g", "price": "$9.00", "price_calculation": "$3.41 per 100g", "category": "Pantry"},
{"title": "Plenty Cold Pressed Macadamia Oil | 375mL", "price": "$9.00", "price_calculation": "$2.40 per 100mL", "category": "Pantry"},
{"title": "Fat Blaster Snack Bar Chocolate Crunch 5 Pack | 150g", "price": "$9.00", "price_calculation": "$6.00 per 100g", "category": "Pantry"},
{"title": "Fat Blaster Snack Bar Chocolate Caramel 5 Pack | 30g", "price": "$9.00", "price_calculation": "$30.00 per 100g", "category": "Pantry"},
{"title": "Pana Organic Crunchy Hazelnut Chocolate Spread | 200g", "price": "$9.00", "price_calculation": "$4.50 per 100g", "category": "Pantry"},
{"title": "Coles Natures Kitchen Cheese Style Nutritional Yeast Seasoning | 100g", "price": "$9.00", "price_calculation": "$9.00 per 100g", "category": "Pantry"},
{"title": "Health Lab Less Sugar Naturally Milk Choc Peanut Butter Balls 3X40G | 120g", "price": "$9.00", "price_calculation": "$7.50 per 100g", "category": "Pantry"},
{"title": "Pillsbury Chakki Atta Whole Wheat Flour | 5kg", "price": "$9.50", "price_calculation": "$1.90 per 1kg", "category": "Pantry"},
{"title": "Yorkshire Tea Biscuit Brew Tea Bags | 40 pack", "price": null, "price_calculation": null, "category": "Pantry"},
{"title": "Yorkshire Tea Toast & Jam Tea Bags | 40 pack", "price": null, "price_calculation": null, "category": "Pantry"},
{"title": "Fibre One Brownie Chocolate Fudge Bulk Pack | 240g", "price": null, "price_calculation": null, "category": "Pantry"},
{"title": "Artisan Wild Baby Figs | 150g", "price": "$9.90", "price_calculation": "$66.00 per 1kg", "category": "Pantry"},
{"title": "Star Foods Rolada Fig Walnut | 150g", "price": "$10.00", "price_calculation": "$6.67 per 100g", "category": "Pantry"},
{"title": "Star Foods Rolada Pistachio Date | 150g", "price": "$10.00", "price_calculation": "$6.67 per 100g", "category": "Pantry"},
{"title": "McDonnells Curry Sauce | 250g", "price": "$10.00", "price_calculation": "$4.00 per 100g", "category": "Pantry"},
{"title": "Jed's No.3 Strong Ground Coffee | 200g", "price": null, "price_calculation": null, "category": "Pantry"},
{"title": "Jed's No.5 Extra Strong Ground Coffee | 200g", "price": null, "price_calculation": null, "category": "Pantry"},
{"title": "Jed's No.X Extreme Ground Coffee | 200g", "price": null, "price_calculation": null, "category": "Pantry"},
{"title": "Cadbury Christmas Chocolate Make A Wish Gift Box | 275g", "price": null, "price_calculation": null, "category": "Pantry"},
{"title": "Laucke Wholemeal Bread Mix | 2.4 kg", "price": "$10.90", "price_calculation": "$4.54 per 1kg", "category": "Pantry"},
{"title": "Cadbury Joyville Truck | 275g", "price": null, "price_calculation": null, "category": "Pantry"},
{"title": "Quaranta Soft Nougat Cakes French Caramel | 165g", "price": "$11.00", "price_calculation": "$6.67 per 100g", "category": "Pantry"},
{"title": "Robert Timms Cafe Series Cafe Series Freeze Dried Intese Instant Coffee | 90g", "price": null, "price_calculation": null, "category": "Pantry"},
{"title": "Raw Essentials Tea Slim | 50g", "price": "$12.00", "price_calculation": "$24.00 per 100g", "category": "Pantry"},
{"title": "Whole Earth Baking 100% Natural Sweetener | 600g", "price": "$12.00", "price_calculation": "$2.00 per 100g", "category": "Pantry"},
{"title": "Pana Organic Easter Egg Salted Caramel | 110g", "price": "$12.00", "price_calculation": "$10.91 per 100g", "category": "Pantry"},
{"title": "Pana Organic Easter Egg Dark 70% | 110g", "price": "$12.00", "price_calculation": "$10.91 per 100g", "category": "Pantry"},
{"title": "Daley Street Q-graders Batch Cremorne Ground Coffee | 250g", "price": null, "price_calculation": null, "category": "Pantry"},
{"title": "Daley Street Q-graders Cremorne Coffee Beans | 250g", "price": null, "price_calculation": null, "category": "Pantry"},
{"title": "Bc Dark Chocolate Almond High Protein Bar 4 Pack | 160g", "price": null, "price_calculation": null, "category": "Pantry"},
{"title": "Health Lab Low Sugar Naturally Caramel Chocolate Peanut Butter Filled Diamonds | 150g", "price": "$12.00", "price_calculation": "$8.00 per 100g", "category": "Pantry"},
{"title": "Bc High Protein Bar Raspberry Truffle 4 Pack | 160g", "price": null, "price_calculation": null, "category": "Pantry"},
{"title": "Vittoria Long Black Coffee Bags | 20 pack", "price": "$12.50", "price_calculation": "$0.63 per 1ea", "category": "Pantry"},
{"title": "Ceres Organics Organic Collagen Support | 200g", "price": "$13.00", "price_calculation": "$6.50 per 100g", "category": "Pantry"},
{"title": "Ceres Organics Organic Immunity Support | 200g", "price": "$13.00", "price_calculation": "$6.50 per 100g", "category": "Pantry"},
{"title": "Honeycomb Berringa Hive & Comb | 200g", "price": "$13.45", "price_calculation": "$6.73 per 100g", "category": "Pantry"},
{"title": "Robert Timms Caramel Flavoured Coffee Bags | 24 pack", "price": null, "price_calculation": null, "category": "Pantry"},
{"title": "Vittoria Freeze Dried Instant Decaf | 100g", "price": "$13.50", "price_calculation": "$13.50 per 100g", "category": "Pantry"},
{"title": "Vittoria Decaf Blend Coffee Bags | 20 pack", "price": "$13.50", "price_calculation": "$0.68 per 1ea", "category": "Pantry"},
{"title": "Atkins Advantage Choc Raspberry Bars 5 pack | 150g", "price": "$14.00", "price_calculation": "$9.33 per 100g", "category": "Pantry"},
{"title": "Mazzetti Aged Balsamic Vinegar Black Label 5 Seal | 250mL", "price": "$14.00", "price_calculation": "$5.60 per 100mL", "category": "Pantry"},
{"title": "Dilmah 85 Reserve Earl Grey & Vanilla Tin | 20 pack", "price": null, "price_calculation": null, "category": "Pantry"},
{"title": "Uncle Tobys Nutritious Snacks Protein Bar Dark Chocolate | 175g", "price": null, "price_calculation": null, "category": "Pantry"},
{"title": "Tasti Smooshed Wholefood Balls Peanut Butter & Caramel | 207g", "price": "$6.75", "price_calculation": "$3.26 per 100g", "category": "Pantry"},
{"title": "Carmans Protein Bakes Peanut Butter Choco Chip 5 Pack | 175g", "price": "$6.90", "price_calculation": "$3.94 per 100g", "category": "Pantry"},
{"title": "Natvia No Added Sugar Maple Syrup | 250mL", "price": "$6.95", "price_calculation": "$2.78 per 100g", "category": "Pantry"},
{"title": "Julianne's Kitchen Apple & Thyme Fruit Paste | 100g", "price": "$7.00", "price_calculation": "$7.00 per 100g", "category": "Pantry"},
{"title": "Julianne's Kitchen Pear And Cinnamon Fruit Paste | 100g", "price": "$7.00", "price_calculation": "$7.00 per 100g", "category": "Pantry"},
{"title": "Deliciou Fries Seasoning | 60g", "price": "$7.00", "price_calculation": "$1.17 per 10g", "category": "Pantry"},
{"title": "Deliciou Ranch Seasoning | 60g", "price": "$7.00", "price_calculation": "$1.17 per 10g", "category": "Pantry"},
{"title": "Deliciou Vegan Cheese Seasoning | 50g", "price": "$7.00", "price_calculation": "$1.40 per 10g", "category": "Pantry"},
{"title": "Wellness Road Green Banana Flour For Baking | 300g", "price": "$7.00", "price_calculation": "$2.33 per 100g", "category": "Pantry"},
{"title": "La Espanola Truffle Extra Virgin Olive Oil | 250mL", "price": "$7.00", "price_calculation": "$2.80 per 100mL", "category": "Pantry"},
{"title": "Deliciou Everything Seasoning | 60g", "price": "$7.00", "price_calculation": "$1.17 per 10g", "category": "Pantry"},
{"title": "Grain Free Granola | 300g", "price": "$7.00", "price_calculation": "$2.33 per 100g", "category": "Pantry"},
{"title": "Julianne's Kitchen Quince And Orange Paste | 100g", "price": "$7.00", "price_calculation": "$7.00 per 100g", "category": "Pantry"},
{"title": "Campbells Bone Broth Turmeric & Ginger | 500mL", "price": "$7.00", "price_calculation": "$1.40 per 100mL", "category": "Pantry"},
{"title": "Aurora Freeze Dried Italian Style Coffee | 100g", "price": "$7.00", "price_calculation": "$7.00 per 100g", "category": "Pantry"},
{"title": "Deliciou Plant Based Chicken | 140g", "price": "$7.20", "price_calculation": "$5.14 per 100g", "category": "Pantry"},
{"title": "Laucke Spelt Bread Mix | 1Kg", "price": "$7.25", "price_calculation": "$7.25 per 1kg", "category": "Pantry"},
{"title": "Always Fresh Stuffed Peppers Cheese | 280g", "price": "$7.30", "price_calculation": "$26.07 per 1kg", "category": "Pantry"},
{"title": "Sun Swallow Dried Seaweed | 56g", "price": "$7.40", "price_calculation": "$13.21 per 100g", "category": "Pantry"},
{"title": "Sirena Tuna Fillets Extra Virgin Olive Oil | 200g", "price": "$7.50", "price_calculation": "$37.50 per 1kg", "category": "Pantry"},
{"title": "Sirena Tuna Fillets Extra Virgin Olive Oil & Chilli | 200g", "price": "$7.50", "price_calculation": "$37.50 per 1kg", "category": "Pantry"},
{"title": "Deliciou Bacon Seasoning Original | 55g", "price": "$7.50", "price_calculation": "$1.36 per 10g", "category": "Pantry"},
{"title": "Deliciou Smoky BBQ Bacon Seasoning | 60g", "price": "$7.50", "price_calculation": "$1.25 per 10g", "category": "Pantry"},
{"title": "Roll'D Dressing Turmeric Lemon & Dill Finishing Sauce | 235mL", "price": null, "price_calculation": null, "category": "Pantry"},
{"title": "Roll'D Vinaigrette Soy & Garlic Finishing Sauce | 235mL", "price": null, "price_calculation": null, "category": "Pantry"},
{"title": "Jarrah Espresso Martini | 6 pack", "price": "$7.50", "price_calculation": "$1.25 per 1ea", "category": "Pantry"},
{"title": "Dilmah Premium Tagless Tea Bags | 80 pack", "price": null, "price_calculation": null, "category": "Pantry"},
{"title": "Jarrah After Dark Caramel Latte Espresso Martini | 6 pack", "price": "$7.50", "price_calculation": "$1.25 per 1ea", "category": "Pantry"},
{"title": "Jarrah After Dark Vanilla Latte Affogato | 6 pack", "price": "$7.50", "price_calculation": "$1.25 per 1ea", "category": "Pantry"},
{"title": "Jarrah After Dark Hazelnut Latte Affogato | 6 pack", "price": "$7.50", "price_calculation": "$1.25 per 1ea", "category": "Pantry"},
{"title": "St Remio Premium Instant Decaf Cappuccino Sachets | 8 pack", "price": null, "price_calculation": null, "category": "Pantry"},
{"title": "St Remio Premium Instant Sugar Free Cappuccino Sachets | 8 pack", "price": null, "price_calculation": null, "category": "Pantry"},
{"title": "Nescafe Coffee Sachets Latte | 10 pack", "price": null, "price_calculation": null, "category": "Pantry"},
{"title": "Nescafe Iced Cappuccino Coffee Sachets | 8 pack", "price": "$7.60", "price_calculation": "$0.95 per 1ea", "category": "Pantry"},
{"title": "Nescafe Iced Salted Caramel Coffee Sachets | 8 pack", "price": "$7.60", "price_calculation": "$0.95 per 1ea", "category": "Pantry"},
{"title": "Kez's Kitchen Gluten Free Biscuits Strawberry Cream Fancy Tops | 185g", "price": "$7.70", "price_calculation": "$4.16 per 100g", "category": "Pantry"},
{"title": "Kez's Kitchen Gluten Free Biscuits Salted Caramel Fancy Tops | 185g", "price": "$7.70", "price_calculation": "$4.16 per 100g", "category": "Pantry"},
{"title": "Sunbeam Australian Nuts Macadamia Halves | 110g", "price": "$7.90", "price_calculation": "$71.82 per 1kg", "category": "Pantry"},
{"title": "Red Tractor Wheat Free Oat Sachets Raspberry 8x40g | 320g", "price": null, "price_calculation": null, "category": "Pantry"},
{"title": "Coles Marzipan | 500g", "price": "$8.00", "price_calculation": "$1.60 per 100g", "category": "Pantry"},
{"title": "Coles Finest Italian Grissini With Black Olive | 200g", "price": "$8.00", "price_calculation": "$4.00 per 100g", "category": "Pantry"},
{"title": "Pana Organic Chocolate Chips White | 135g", "price": "$8.00", "price_calculation": "$5.93 per 100g", "category": "Pantry"},
{"title": "Ceres Organics Organic Super Seed Blend | 200g", "price": "$8.00", "price_calculation": "$4.00 per 100g", "category": "Pantry"},
{"title": "Ceres Organics Organic LSA + P | 250g", "price": "$8.00", "price_calculation": "$3.20 per 100g", "category": "Pantry"},
{"title": "Nescafe Milo Nutritious Snacks Snack Bars Dipped | 180g", "price": null, "price_calculation": null, "category": "Pantry"},
{"title": "Whole Earth Monk Fruit 100% Natural Sweetener | 200g", "price": "$8.50", "price_calculation": "$4.25 per 100g", "category": "Pantry"},
{"title": "Twinings Orange Pekoe Tea Bags | 50 pack", "price": "$8.50", "price_calculation": "$8.50 per 100g", "category": "Pantry"},
{"title": "Thomson's Deli Devon | 1kg", "price": "$3.30", "price_calculation": "$3.30 per 1kg", "category": "Deli"},
{"title": "Casale Parma Matonella | approx 100g", "price": "$4.59", "price_calculation": "$45.90 per 1kg", "category": "Deli"},
{"title": "Primo Mild Cacciatori Salami | 1 each", "price": "$5.50", "price_calculation": "$5.50 per 1ea", "category": "Deli"},
{"title": "Normandie Mixed Pate Pods 4 pack | 200g", "price": "$7.30", "price_calculation": "$3.65 per 100g", "category": "Deli"},
{"title": "Fragassi Arrabbiata Pasta Sauce | 500g", "price": "$8.30", "price_calculation": "$1.66 per 100g", "category": "Deli"},
{"title": "Fromager D' Affinois Excellence Cheese | approx200g", "price": "$13.40", "price_calculation": "$67.00 per 1kg", "category": "Deli"},
{"title": "Comte Block Aop 6/8 Months | approx 100g", "price": "$7.00", "price_calculation": "$70.00 per 1kg", "category": "Deli"},
{"title": "Moira Mac's Snackers Classic Mini Chicken Kebabs | 90g", "price": "$2.00", "price_calculation": "$22.22 per 1kg", "category": "Deli"},
{"title": "Thomson's Deli Shaved Leg Ham | 100g", "price": "$2.10", "price_calculation": "$21.00 per 1kg", "category": "Deli"},
{"title": "Provedore Pancetta Crumb | 100g", "price": "$4.00", "price_calculation": "$40.00 per 1kg", "category": "Deli"},
{"title": "Coles Spicy Calabrese Salami | 150g", "price": "$7.50", "price_calculation": "$50.00 per 1kg", "category": "Deli"},
{"title": "Primo Middle Bacon | 750g", "price": "$11.00", "price_calculation": "$14.67 per 1kg", "category": "Deli"},
{"title": "La Casa Del Formaggio Reduced Fat Ricotta | approx 100g", "price": "$1.18", "price_calculation": "$11.80 per 1kg", "category": "Deli"},
{"title": "Bertocchi Pepper Mortadella | approx 125g", "price": "$1.75", "price_calculation": "$14.00 per 1kg", "category": "Deli"},
{"title": "Coles Finest Quince Paste | 100g", "price": "$3.15", "price_calculation": "$3.15 per 100g", "category": "Deli"},
{"title": "Coles Deli Salads Tub Small Classic Coleslaw | 1 each", "price": "$4.00", "price_calculation": "$4.00 per 1ea", "category": "Deli"},
{"title": "Coles Deli Express Double Smoked Ham | 150g", "price": "$6.40", "price_calculation": "$42.67 per 1kg", "category": "Deli"},
{"title": "Port Salut Depuis | 150g", "price": "$9.50", "price_calculation": "$63.34 per 1kg", "category": "Deli"},
{"title": "Gotzinger Cheese Kransky | 400g", "price": "$10.00", "price_calculation": "$25.00 per 1kg", "category": "Deli"},
{"title": "Gs Premium Margherita Pizza | 500g", "price": "$12.00", "price_calculation": "$2.40 per 100g", "category": "Deli"},
{"title": "Coles Classic Homestyle No Added Hormones Hot Beef Brisket | 1 each", "price": null, "price_calculation": null, "category": "Deli"},
{"title": "D'argental Washed Rind Brie Cheese | approx150g", "price": "$11.25", "price_calculation": "$75.01 per 1kg", "category": "Deli"},
{"title": "Coles Deli Thawed Prawn Skewers Garlic | 1 each", "price": "$1.25", "price_calculation": "$1.25 per 1ea", "category": "Deli"},
{"title": "Coles Australian Made Sliced Honey Ham | 150g", "price": "$5.70", "price_calculation": "$38.00 per 1kg", "category": "Deli"},
{"title": "Provedore Garlic & Fennel Salami | 100g", "price": "$6.00", "price_calculation": "$60.00 per 1kg", "category": "Deli"},
{"title": "Coles Dolmades Large Round 12 Pack | 280g", "price": "$6.50", "price_calculation": "$2.32 per 100g", "category": "Deli"},
{"title": "OB Finest Gluten Free Pistachio & Fig Speciality Crackers | 130g", "price": "$6.50", "price_calculation": "$5.00 per 100g", "category": "Deli"},
{"title": "Primo Cocktail Frankfurts | 1 kg", "price": "$7.40", "price_calculation": "$7.40 per 1kg", "category": "Deli"},
{"title": "Don Hot Hungarian Salami | 200g", "price": "$8.50", "price_calculation": "$4.25 per 100g", "category": "Deli"},
{"title": "Bodalla Vintage Cheddar | approx 100g", "price": "$5.00", "price_calculation": "$50.00 per 1kg", "category": "Deli"},
{"title": "Udder Delights Truffle Brie | approx 100g", "price": "$5.00", "price_calculation": "$50.00 per 1kg", "category": "Deli"},
{"title": "Primo Cafe Beef Mild Fajita | 140g", "price": "$5.00", "price_calculation": "$35.71 per 1kg", "category": "Deli"},
{"title": "Provedore Mild Chorizo Salami | 100g", "price": "$6.00", "price_calculation": "$60.00 per 1kg", "category": "Deli"},
{"title": "GS Sicilian Olives | 250g", "price": "$6.00", "price_calculation": "$24.00 per 1kg", "category": "Deli"},
{"title": "Hedys Quiche Spinach Parmesan | 1.1kg", "price": "$14.50", "price_calculation": "$1.32 per 100g", "category": "Deli"},
{"title": "Hedys Quiche Lorraine | 1.1kg", "price": "$14.50", "price_calculation": "$1.32 per 100g", "category": "Deli"},
{"title": "Primo Hickory Smoked Rindless Middle Bacon | approx 100g", "price": "$2.35", "price_calculation": "$23.50 per 1kg", "category": "Deli"},
{"title": "British Truffle Cheddar | approx 100g", "price": "$4.50", "price_calculation": "$45.00 per 1kg", "category": "Deli"},
{"title": "Coles Finest British Yorkshire Wensleydale PGI With Cranberries Raw | approx 200g", "price": "$10.00", "price_calculation": "$50.00 per 1kg", "category": "Deli"},
{"title": "Clawson Long Blue Stilton | approx 100g", "price": "$5.50", "price_calculation": "$55.00 per 1kg", "category": "Deli"},
{"title": "Udder Delights Heysen Blue Vein Wheel | approx 100g", "price": "$5.75", "price_calculation": "$57.50 per 1kg", "category": "Deli"},
{"title": "Hans Striker Mild Salami Sticks | 15g", "price": "$1.00", "price_calculation": "$66.71 per 1kg", "category": "Deli"},
{"title": "Coles Mild Hungarian Salami | 200g", "price": "$6.90", "price_calculation": "$34.50 per 1kg", "category": "Deli"},
{"title": "Coles Deli Colossal Kalamata Olives | approx 100g", "price": "$2.00", "price_calculation": "$20.00 per 1kg", "category": "Deli"},
{"title": "Coles Semi Dried Tomatoes Kalamata Fetta | appox. 100g", "price": "$2.80", "price_calculation": "$28.00 per 1kg", "category": "Deli"},
{"title": "Casalingo Heritage Ham | approx 100g", "price": "$3.65", "price_calculation": "$36.50 per 1kg", "category": "Deli"},
{"title": "Udder Delights Brie | approx100g", "price": "$4.60", "price_calculation": "$46.00 per 1kg", "category": "Deli"},
{"title": "Lean Cuisine Veg'D Up Tuna Bake | 310g", "price": "$7.00", "price_calculation": "$2.00 per 100g", "category": "Frozen"},
{"title": "Magnum Ice Cream Dairy Free Sea Salt Caramel 3Pack | 270mL", "price": "$6.50", "price_calculation": "$2.41 per 100mL", "category": "Frozen"},
{"title": "Birds Eye Plant Based Meatball | 300g", "price": "$7.30", "price_calculation": "$2.43 per 100g", "category": "Frozen"},
{"title": "Greenback Protein Frozen Dessert Choc Peanut Tub | 475mL", "price": "$6.50", "price_calculation": "$1.37 per 100mL", "category": "Frozen"},
{"title": "Birds Eye Plant Based Wholemeal Crumb Chicken Tenders | 300g", "price": "$7.30", "price_calculation": "$2.43 per 100g", "category": "Frozen"},
{"title": "Quorn Frozen Vegan Fillets | 252g", "price": "$7.00", "price_calculation": "$2.78 per 100g", "category": "Frozen"},
{"title": "Bamboostick Red Bean | 390g", "price": "$7.50", "price_calculation": "$1.92 per 100g", "category": "Frozen"},
{"title": "Quorn Sausages | 336g", "price": "$7.00", "price_calculation": "$2.08 per 100g", "category": "Frozen"},
{"title": "Magnum Ice Cream Tahiti Passionfruit White Choc 4 Pack | 360mL", "price": "$8.00", "price_calculation": "$2.22 per 100mL", "category": "Frozen"},
{"title": "Lean Cuisine Veg'D Up Cottage Pie | 335g", "price": "$7.00", "price_calculation": "$2.09 per 100g", "category": "Frozen"},
{"title": "Seng Hork Beef Dumplings | 500g", "price": "$8.00", "price_calculation": "$1.60 per 100g", "category": "Frozen"},
{"title": "Lean Cuisine Veg'D Up Mushroom Risotto | 350g", "price": "$7.00", "price_calculation": "$2.00 per 100g", "category": "Frozen"},
{"title": "Sealord Hoki Bites Classic Crumb | 400g", "price": "$8.40", "price_calculation": "$21.00 per 1kg", "category": "Frozen"},
{"title": "Berri Quelch Tropical Fruit Juice Icy Tubes 24 pack | 1.68L", "price": "$7.30", "price_calculation": "$0.43 per 100mL", "category": "Frozen"},
{"title": "Tutto Pasta Vegan & Gluten Free Pumpkin & Ricotta Cannelloni | 300g", "price": "$8.50", "price_calculation": "$2.83 per 100g", "category": "Frozen"},
{"title": "Birds Eye Plant Based Burgers | 300g", "price": "$7.30", "price_calculation": "$2.43 per 100g", "category": "Frozen"},
{"title": "Denada Sugar Free Ice Cream Choc Pops Salted Caramel 3 Pack | 315mL", "price": "$8.50", "price_calculation": "$2.70 per 100mL", "category": "Frozen"},
{"title": "Serious Frozen Fruit Chocolate Pineapple Bites | 250g", "price": "$7.50", "price_calculation": "$3.00 per 100g", "category": "Frozen"},
{"title": "Denada Sugar Free Salted Caramel Vegan Ice Cream | 475mL", "price": "$8.50", "price_calculation": "$1.79 per 100mL", "category": "Frozen"},
{"title": "KB's Kaffir Lime & Coconut Crumb Hoki Fillets | 300g", "price": "$7.50", "price_calculation": "$25.00 per 1kg", "category": "Frozen"},
{"title": "Denada Sugar Free Ice Cream Raspberry Ribbon Vegan | 475mL", "price": "$8.50", "price_calculation": "$1.79 per 100mL", "category": "Frozen"},
{"title": "Coles I'M Free From Plain Pizza Base 2 Pack | 380g", "price": "$8.00", "price_calculation": "$2.11 per 100g", "category": "Frozen"},
{"title": "Juicies Tropical 10 Pack | 1L", "price": "$8.50", "price_calculation": "$0.85 per 100mL", "category": "Frozen"},
{"title": "Devour Parmesan Crusted Tuna Melt Pasta Frozen | 400g", "price": "$8.00", "price_calculation": "$2.00 per 100g", "category": "Frozen"},
{"title": "Juicies Lemonade 10 Pack | 1L", "price": "$8.50", "price_calculation": "$0.85 per 100mL", "category": "Frozen"},
{"title": "Charlotte'S Bakery Slow Cooked Beef & Ale Potato Top Pies 2 Pack | 400g", "price": "$8.20", "price_calculation": "$2.05 per 100g", "category": "Frozen"},
{"title": "Hanabi Frozen Prawn & Pork Shao Mai 12 Pieces | 300g", "price": "$9.00", "price_calculation": "$3.00 per 100g", "category": "Frozen"},
{"title": "KB's Yum Cha Prawn Won Ton | 240g", "price": "$8.50", "price_calculation": "$3.54 per 100g", "category": "Frozen"},
{"title": "I&J Frozen Tasty Calamari Salt & Pepper Lightly Crumbed Rings | 360g", "price": "$9.00", "price_calculation": "$25.00 per 1kg", "category": "Frozen"},
{"title": "Denada Sugar Free Ice Cream Banana Sundae | 475mL", "price": "$8.50", "price_calculation": "$1.79 per 100mL", "category": "Frozen"},
{"title": "Streets Splice Pine Lime 8 pack | 544mL", "price": "$9.00", "price_calculation": "$1.65 per 100mL", "category": "Frozen"},
{"title": "Connoisseur Plant Based Vanilla Brownie 4 Pack | 350mL", "price": "$9.50", "price_calculation": "$2.71 per 100mL", "category": "Frozen"},
{"title": "Connoisseur Ice Cream  Butterscotch & Gingerbread | 1L", "price": "$9.00", "price_calculation": "$0.90 per 100mL", "category": "Frozen"},
{"title": "Sara Lee Frozen Chocolate Buttercake | 350g", "price": "$9.80", "price_calculation": "$2.80 per 100g", "category": "Frozen"},
{"title": "Gym Bod Peanut Butter Salted Caramel | 475mL", "price": "$9.00", "price_calculation": "$1.89 per 100mL", "category": "Frozen"},
{"title": "Mrs Mac's Brush & Bake Chunky Steak Pie 2Pk | 400g", "price": "$10.00", "price_calculation": "$2.50 per 100g", "category": "Frozen"},
{"title": "Sealord Hoki Fillet 3 Seed Crumb | 300g", "price": "$9.00", "price_calculation": "$30.00 per 1kg", "category": "Frozen"},
{"title": "Mrs Mac's Brush & Bake Pepper Steak Pie 2Pk | 400g", "price": "$10.00", "price_calculation": "$2.50 per 100g", "category": "Frozen"},
{"title": "Sealord Hoki Parmesan & Rosemary | 300g", "price": "$9.00", "price_calculation": "$30.00 per 1kg", "category": "Frozen"},
{"title": "KB Panko Crumb Squid | 360g", "price": "$10.50", "price_calculation": "$29.17 per 1kg", "category": "Frozen"},
{"title": "Heinz One Pan Italian Risotto Frozen Rice Meal | 600g", "price": "$9.00", "price_calculation": "$1.50 per 100g", "category": "Frozen"},
{"title": "KB Salt & Pepper Prawns | 300g", "price": "$10.50", "price_calculation": "$35.00 per 1kg", "category": "Frozen"},
{"title": "King Of Kings Prawn Fried Rice | 400g", "price": "$9.30", "price_calculation": "$2.33 per 100g", "category": "Frozen"},
{"title": "Kb's Whiting Bites Classic Crumb | 300g", "price": "$10.50", "price_calculation": "$35.00 per 1kg", "category": "Frozen"},
{"title": "Coles Australian Beef Burgers | 800g", "price": "$9.50", "price_calculation": "$11.88 per 1kg", "category": "Frozen"},
{"title": "Pana Organic Frozen Dessert Chocolate Hazelnut | 950mL", "price": "$12.00", "price_calculation": "$1.26 per 100mL", "category": "Frozen"},
{"title": "McCain Pub Size Parma Veal Schnitzels & Veg | 480g", "price": "$9.50", "price_calculation": "$1.98 per 100g", "category": "Frozen"},
{"title": "Pana Organic Frozen Dessert Burnt Fig & Caramel | 950mL", "price": "$12.00", "price_calculation": "$1.26 per 100mL", "category": "Frozen"},
{"title": "Weis Bar Raspberry Davidson Plum 4 Pack | 280mL", "price": "$9.50", "price_calculation": "$3.39 per 100mL", "category": "Frozen"},
{"title": "Hanabi BBQ Pork Belly Sliced | 290g", "price": "$12.00", "price_calculation": "$4.14 per 100g", "category": "Frozen"},
{"title": "Weis Fruit Ice Fruito Bars 4 pack | 280mL", "price": "$9.50", "price_calculation": "$3.39 per 100mL", "category": "Frozen"},
{"title": "Sara Lee Dluxe Semifredo Chocolate & Slt Caramel | 1.3L", "price": "$15.00", "price_calculation": "$1.15 per 100g", "category": "Frozen"},
{"title": "Peters Maxibon Ice Cream Caramel Rough Nut 4pack | 560mL", "price": "$9.50", "price_calculation": "$1.70 per 100mL", "category": "Frozen"},
{"title": "Family Faves Panko Crumb Chicken Donut | 1kg", "price": "$21.50", "price_calculation": "$21.50 per 1kg", "category": "Frozen"},
{"title": "Weis Ice Confection Pineapple Lime & Coconut Bar 6 Pack | 264mL", "price": "$9.50", "price_calculation": "$3.60 per 100mL", "category": "Frozen"},
{"title": "I&J Wild Alaskan Sockeye Salmon | 500g", "price": "$35.00", "price_calculation": "$70.00 per 1kg", "category": "Frozen"},
{"title": "Hanabi BBQ Bulgogi Pork | 290g", "price": "$9.50", "price_calculation": "$3.28 per 100g", "category": "Frozen"},
{"title": "Coles Mixed Vegetables | 1kg", "price": null, "price_calculation": null, "category": "Frozen"},
{"title": "Weis Half & Half Pine Lime & Vanilla  | 1L", "price": "$10.00", "price_calculation": "$1.00 per 100mL", "category": "Frozen"},
{"title": "Coles Original Chicken Tenders  | 400g", "price": "$4.40", "price_calculation": "$11.00 per 1kg", "category": "Frozen"},
{"title": "Magnum Ice Cream Luxe Gold Caramelised Chocolate Tub | 440mL", "price": "$10.50", "price_calculation": "$2.39 per 100mL", "category": "Frozen"},
{"title": "Coles Margherita Pizza | 470g", "price": "$5.00", "price_calculation": "$1.06 per 100g", "category": "Frozen"},
{"title": "I Mei Brown Sugar Pearl Milk Ice Bar 4 Pack | 292mL", "price": "$11.00", "price_calculation": "$3.77 per 100g", "category": "Frozen"},
{"title": "Nature's Kitchen Vegetable Spring Rolls | 216g", "price": "$6.50", "price_calculation": "$3.01 per 100g", "category": "Frozen"},
{"title": "On The Menu Family Cottage Pie | 1.2kg", "price": "$11.00", "price_calculation": "$0.92 per 100g", "category": "Frozen"},
{"title": "Greenback Protein Frozen Dessert Vanilla Hazelnut 3 Pack | 360mL", "price": "$6.50", "price_calculation": "$1.81 per 100mL", "category": "Frozen"},
{"title": "Bulla Murray Street Vanilla & Boysenberry Swirl | 1L", "price": "$12.00", "price_calculation": "$1.20 per 100mL", "category": "Frozen"},
{"title": "Plate Up Frozen Cauliflower Bake | 800g", "price": "$6.60", "price_calculation": "$8.25 per 1kg", "category": "Frozen"},
{"title": "Bulla Murray Street Ice Cream Honey & Salted Caramel Peanut | 1L", "price": "$12.00", "price_calculation": "$1.20 per 100mL", "category": "Frozen"},
{"title": "Coles Frozen Bake At Home Butter Croissants 6 pack | 360g", "price": "$6.70", "price_calculation": "$1.86 per 100g", "category": "Frozen"},
{"title": "Pana Organic Frozen Dessert Mango & Macadamia | 950mL", "price": "$12.00", "price_calculation": "$1.26 per 100mL", "category": "Frozen"},
{"title": "Meet Meetballs | 240g", "price": "$7.00", "price_calculation": "$2.92 per 100g", "category": "Frozen"},
{"title": "Pana Organic Frozen Dessert Mint Choc Chip | 950mL", "price": "$12.00", "price_calculation": "$1.26 per 100mL", "category": "Frozen"},
{"title": "Bulla Creamy Classics Choc Honeycomb Cone 4 Pack | 520mL", "price": "$7.00", "price_calculation": "$1.35 per 100mL", "category": "Frozen"},
{"title": "The Cheesecake Shop Black Forest Cheesecake Ice Cream | 500mL", "price": "$12.00", "price_calculation": "$2.40 per 100mL", "category": "Frozen"},
{"title": "Peters Skinny Cow Cups Ice Cream Choc & Vanilla Caramel Cup | 680mL", "price": "$7.00", "price_calculation": "$1.03 per 100mL", "category": "Frozen"},
{"title": "YoPro Mint Chocolate Frozen Dessert Tub | 473mL", "price": "$12.00", "price_calculation": "$2.54 per 100mL", "category": "Frozen"},
{"title": "Birds Eye Plant Based Chicken Style Nuggets | 300g", "price": "$7.30", "price_calculation": "$2.43 per 100g", "category": "Frozen"},
{"title": "YoPro Double Choc Frozen Dessert Tub | 473mL", "price": "$12.00", "price_calculation": "$2.54 per 100mL", "category": "Frozen"},
{"title": "Birds Eye Plant Based Chicken Style Fingers | 300g", "price": "$7.30", "price_calculation": "$2.43 per 100g", "category": "Frozen"},
{"title": "Haagen-Dazs Strawberries And Cream Ice Cream | 457mL", "price": "$13.50", "price_calculation": "$2.95 per 100mL", "category": "Frozen"},
{"title": "Serious Frozen Fruit Chocolate Banana Bites | 250g", "price": "$7.50", "price_calculation": "$3.00 per 100g", "category": "Frozen"},
{"title": "Haagen Dazs Duo Vanilla Brownie & Raspberry Ice Cream Tub | 420mL", "price": "$13.50", "price_calculation": "$3.21 per 100mL", "category": "Frozen"},
{"title": "Denada Sugar Free Caramel Chocolate Flake Ice Cream Tub | 475mL", "price": "$8.50", "price_calculation": "$1.79 per 100mL", "category": "Frozen"},
{"title": "Haagen-Dazs Ice Cream Pint Rum Salted Caramel & Biscuit 8 Pack | 457mL", "price": "$13.50", "price_calculation": "$2.95 per 100mL", "category": "Frozen"},
{"title": "Denada Sugar Free Espresso Chocolate Fudge Vegan Ice Cream | 475mL", "price": "$8.50", "price_calculation": "$1.79 per 100mL", "category": "Frozen"},
{"title": "I&J The Finest Frozen Salmon Portions Skin Off | 500g", "price": "$23.00", "price_calculation": "$46.00 per 1kg", "category": "Frozen"},
{"title": "Weis Dark Chocolate And Coconut Real Good Feel Good Bar 4 Pack | 280mL", "price": "$9.50", "price_calculation": "$3.39 per 100mL", "category": "Frozen"},
{"title": "Kb's Barramundi Fillets | 1kg", "price": "$28.00", "price_calculation": "$28.00 per 1kg", "category": "Frozen"},
{"title": "Cadbury Crunchie Honeycomb Flavour Ice Cream Bar 4 Pack | 300mL", "price": "$9.50", "price_calculation": "$3.17 per 100mL", "category": "Frozen"},
{"title": "Coles Chicken Breast Schnitzel | 400g", "price": "$4.40", "price_calculation": "$11.00 per 1kg", "category": "Frozen"},
{"title": "Connoisseur Salted Pretzel 4 Pack | 360mL", "price": "$9.50", "price_calculation": "$2.64 per 100mL", "category": "Frozen"},
{"title": "Coles Onion Bhaji | 240g", "price": "$5.00", "price_calculation": "$2.08 per 100g", "category": "Frozen"},
{"title": "Dilmah 85 Reserve Ceylon Green Tea & Mint Tin | 20 pack", "price": null, "price_calculation": null, "category": "Pantry"},
{"title": "Lavazza Tales Of Italy Alluring Napoli Ground Coffee | 250g", "price": null, "price_calculation": null, "category": "Pantry"},
{"title": "Lavazza Tales Of Italy Eternal Roma Ground Coffee | 250g", "price": null, "price_calculation": null, "category": "Pantry"},
{"title": "Atkins Low Carb Cappucino Nut Bars 5 Pack | 185g", "price": "$14.00", "price_calculation": "$7.57 per 100g", "category": "Pantry"},
{"title": "Mavella Superfoods Gut Boost | 100g", "price": "$14.95", "price_calculation": "$14.95 per 100g", "category": "Pantry"},
{"title": "Mavella Superfoods New Zealand Grown Purple Carrot | 100g", "price": "$14.95", "price_calculation": "$14.95 per 100g", "category": "Pantry"},
{"title": "Queen Celebrating 120 Years Master Blend Pure Vanilla Extract | 100mL", "price": "$15.00", "price_calculation": "$1.50 per 10mL", "category": "Pantry"},
{"title": "Atkins Low Carb Endulge Chocolate Coated Almonds 5x30g | 150g", "price": "$15.00", "price_calculation": "$10.00 per 100g", "category": "Pantry"},
{"title": "Morlife Certified Organic Beetroot Powder | 150g", "price": "$15.00", "price_calculation": "$10.00 per 100g", "category": "Pantry"},
{"title": "Bodiez Energy + Protein Blue Raspberry Sparkling Energy Drink 4x500mL | 2L", "price": null, "price_calculation": null, "category": "Pantry"},
{"title": "Well Naturally No Sugar Added Collagen Bar Milk Chocolate 4x45g | 180g", "price": null, "price_calculation": null, "category": "Pantry"},
{"title": "Daily Ritual Gut Health | 150g", "price": "$15.60", "price_calculation": "$10.40 per 100g", "category": "Pantry"},
{"title": "Daily Ritual Recovery Blend | 150g", "price": "$15.60", "price_calculation": "$10.40 per 100g", "category": "Pantry"},
{"title": "Daily Ritual Immunity Blend | 150g", "price": "$15.60", "price_calculation": "$10.40 per 100g", "category": "Pantry"},
{"title": "Pattu Sona Masoori Rice | 5kg", "price": "$15.70", "price_calculation": "$0.31 per 100g", "category": "Pantry"},
{"title": "Ortiz Anchovies | 47.5g", "price": "$16.00", "price_calculation": "$333.33 per 1kg", "category": "Pantry"},
{"title": "Vittoria Mountain Grown Ground Coffee | 500g", "price": "$16.00", "price_calculation": "$3.20 per 100g", "category": "Pantry"},
{"title": "Macro Mike Powdered Peanut Butter Chocolate Caramel | 156g", "price": null, "price_calculation": null, "category": "Pantry"},
{"title": "Kapai Puku Gut Health Cacao Seed Mix | 450g", "price": "$17.00", "price_calculation": "$3.78 per 100g", "category": "Pantry"},
{"title": "Kapai Puku Gut Health Raw Seed Mix | 450g", "price": "$17.00", "price_calculation": "$3.78 per 100g", "category": "Pantry"},
{"title": "Lavazza Espresso Ristretto Nespresso Compatible Coffee Capsules | 30 pack", "price": null, "price_calculation": null, "category": "Pantry"},
{"title": "Fine Fettle Immunity Boost Veg Extra Powder | 100g", "price": "$18.00", "price_calculation": "$18.00 per 100g", "category": "Pantry"},
{"title": "Fine Fettle Veg Power Boost Veg Extra Powder | 100g", "price": "$18.00", "price_calculation": "$18.00 per 100g", "category": "Pantry"},
{"title": "Fine Fettle Eat The Rainbow Veg Extra Powder | 100g", "price": "$18.00", "price_calculation": "$18.00 per 100g", "category": "Pantry"},
{"title": "Fine Fettle Good Gut Health Veg Extra Powder | 100g", "price": "$18.00", "price_calculation": "$18.00 per 100g", "category": "Pantry"},
{"title": "Coles Perform Elite Electrolytes Powder Berry Flavour | 300g", "price": null, "price_calculation": null, "category": "Pantry"},
{"title": "Siena Anchovy Fillets | 560g", "price": "$19.30", "price_calculation": "$34.46 per 1kg", "category": "Pantry"},
{"title": "Moccona Barista Reserve Dark Roast Coffee Beans | 1kg", "price": null, "price_calculation": null, "category": "Pantry"},
{"title": "Queen Vic Concentrated Vanilla Extract W Seeds | 100mL", "price": "$19.90", "price_calculation": "$1.99 per 10mL", "category": "Pantry"},
{"title": "Macro Mike Triple Chocolate Chunk Cookie Baking Mix | 250g", "price": null, "price_calculation": null, "category": "Pantry"},
{"title": "Macro Mike Banana Bread Mix Chocolate Chip | 250g", "price": null, "price_calculation": null, "category": "Pantry"},
{"title": "Macro Mike Healthy Protein Brownies Double Chocolate | 250g", "price": null, "price_calculation": null, "category": "Pantry"},
{"title": "Nature's Way Slim Right Vanilla Powder | 500g", "price": "$21.00", "price_calculation": "$4.20 per 100g", "category": "Pantry"},
{"title": "Nature's Way Slim Right Chocolate Powder | 500g", "price": "$21.00", "price_calculation": "$4.20 per 100g", "category": "Pantry"},
{"title": "Nature's Way Slim Right Strawberry Powder | 500g", "price": "$21.00", "price_calculation": "$4.20 per 100g", "category": "Pantry"},
{"title": "Lavazza Espresso Barista Gran Crema Coffee Beans | 500g", "price": null, "price_calculation": null, "category": "Pantry"},
{"title": "Nescafe Blend 43 Instant Decaf | 250g", "price": null, "price_calculation": null, "category": "Pantry"},
{"title": "Coles Perform Elite Unflavoured Creatine Powder | 250g", "price": "$22.00", "price_calculation": "$8.80 per 100g", "category": "Pantry"},
{"title": "Atkins Low Carb Vanilla Flavoured Protein Shake Mix | 310g", "price": "$24.00", "price_calculation": "$7.74 per 100g", "category": "Pantry"},
{"title": "Atkins Low Carb Chocolate Flavoured Shake Mix | 330g", "price": "$24.00", "price_calculation": "$7.27 per 100g", "category": "Pantry"},
{"title": "Easiyo Black Yoghurt Maker | 1 each", "price": "$25.00", "price_calculation": "$25.00 per 1ea", "category": "Pantry"},
{"title": "Melrose Essential Reds | 120g", "price": "$25.00", "price_calculation": "$20.83 per 100g", "category": "Pantry"},
{"title": "Melrose Essential Greens | 120g", "price": "$25.00", "price_calculation": "$20.83 per 100g", "category": "Pantry"},
{"title": "Morlife Alkalising Greens Tropical Crush Powder | 100g", "price": "$25.00", "price_calculation": "$25.00 per 100g", "category": "Pantry"},
{"title": "Morlife Antiox Beauty Collagen Berry Delight Powder | 100g", "price": "$25.00", "price_calculation": "$25.00 per 100g", "category": "Pantry"},
{"title": "Morlife Berry Active Immune Powder | 100g", "price": "$25.00", "price_calculation": "$25.00 per 100g", "category": "Pantry"},
{"title": "Morlife Berry Clean Liv'A Detox Powder | 100g", "price": "$25.00", "price_calculation": "$25.00 per 100g", "category": "Pantry"},
{"title": "Mavella Superfoods Immune Boost Smoothie | 100g", "price": "$25.00", "price_calculation": "$25.00 per 100g", "category": "Pantry"},
{"title": "Pampas Frozen Pastry Tart Sweet 12 pack | 275g", "price": "$5.10", "price_calculation": "$1.85 per 100g", "category": "Frozen"},
{"title": "Super Nature Frozen Super Pulses Slow Cooked Rosemary Lamb Hot Pot | 300g", "price": "$6.00", "price_calculation": "$2.00 per 100g", "category": "Frozen"},
{"title": "Kb's Tender Squid Chips Lightly Crumbed | 1kg", "price": "$13.75", "price_calculation": "$13.75 per 1kg", "category": "Frozen"},
{"title": "Coles I'M Free From Beef Sausage Roll | 320g", "price": "$6.00", "price_calculation": "$1.88 per 100g", "category": "Frozen"},
{"title": "Vadilal Green Chilli | 312g", "price": "$2.40", "price_calculation": "$0.77 per 100g", "category": "Frozen"},
{"title": "Proud & Punch Cookies & Cream 6 Pack | 450mL", "price": "$6.00", "price_calculation": "$1.33 per 100mL", "category": "Frozen"},
{"title": "Mrs Mac's Microwaveable Beef Pastie | 165g", "price": "$2.50", "price_calculation": "$1.52 per 100g", "category": "Frozen"},
{"title": "Coles Coconut Prawns | 162g", "price": "$6.20", "price_calculation": "$3.83 per 100g", "category": "Frozen"},
{"title": "Birds Eye Snap Frozen Sliced Green Beans | 500g", "price": "$3.40", "price_calculation": "$6.80 per 1kg", "category": "Frozen"},
{"title": "Tutto Pasta Gluten Free Lasagna Bolognese | 350g", "price": "$6.50", "price_calculation": "$1.86 per 100g", "category": "Frozen"},
{"title": "Birds Eye Snap Frozen Garden Peas | 500g", "price": "$3.50", "price_calculation": "$7.00 per 1kg", "category": "Frozen"},
{"title": "Coles I'M Free From Spinach & Ricotta Roll | 320g", "price": "$6.50", "price_calculation": "$2.03 per 100g", "category": "Frozen"},
{"title": "Birds Eye Frozen Chinese Vegetables Stir Fry | 850g", "price": "$5.50", "price_calculation": "$6.47 per 1kg", "category": "Frozen"},
{"title": "Greenback Protein Frozen Dessert Hazelnut Tub | 475mL", "price": "$6.50", "price_calculation": "$1.37 per 100mL", "category": "Frozen"},
{"title": "Coles Chicken & Vegetable Pie 4 pack | 700g", "price": "$5.60", "price_calculation": "$0.80 per 100g", "category": "Frozen"},
{"title": "Greenback Protein Frozen Dessert Salted Caramel Tub | 475mL", "price": "$6.50", "price_calculation": "$1.37 per 100mL", "category": "Frozen"},
{"title": "Steggles Frozen Tempura Chicken Breast Dino Snacks  | 400g", "price": null, "price_calculation": null, "category": "Frozen"},
{"title": "Zooper Dooper Fairy Floss  24x70mL | 24 pack", "price": "$6.50", "price_calculation": "$0.39 per 100mL", "category": "Frozen"},
{"title": "On The Menu Frozen Chicken Kiev | 320g", "price": "$7.00", "price_calculation": "$2.19 per 100g", "category": "Frozen"},
{"title": "Greenback Protein Frozen Dessert Choc Peanut Sticks 3 pack | 360mL", "price": "$6.50", "price_calculation": "$1.81 per 100mL", "category": "Frozen"},
{"title": "Poulings Sliced Beef | 290g", "price": "$7.50", "price_calculation": "$2.59 per 100g", "category": "Frozen"},
{"title": "Quorn Frozen Vegan Schnitzels | 200g", "price": "$7.00", "price_calculation": "$3.50 per 100g", "category": "Frozen"},
{"title": "Peters Original Ice Cream Twin Pole Vanilla Chocolate 8 Pack | 592mL", "price": "$8.00", "price_calculation": "$1.35 per 100mL", "category": "Frozen"},
{"title": "Quorn Frozen Meat Free Cheese & Spinach Schnitzels | 240g", "price": "$7.00", "price_calculation": "$2.92 per 100g", "category": "Frozen"},
{"title": "Core Powerfoods Beef Taco Bowl | 350g", "price": "$9.00", "price_calculation": "$2.57 per 100g", "category": "Frozen"},
{"title": "KB's Tempura Battered Whiting Fillets | 450g", "price": "$7.50", "price_calculation": "$16.67 per 1kg", "category": "Frozen"},
{"title": "Streets Magnum Luxe Caramel Ego Ice Cream 4 Pack | 388mL", "price": "$11.50", "price_calculation": "$2.96 per 100mL", "category": "Frozen"},
{"title": "KB's Himalayan Salt & Pepper Crumb Hoki Fillets | 300g", "price": "$7.50", "price_calculation": "$25.00 per 1kg", "category": "Frozen"},
{"title": "Coles Original Chicken Tenders | 1kg", "price": "$11.50", "price_calculation": "$11.50 per 1kg", "category": "Frozen"},
{"title": "Magnum Bites Ice Cream Almond | 183mL", "price": "$7.70", "price_calculation": "$4.21 per 100mL", "category": "Frozen"},
{"title": "Coles Frozen Pomegranate Arils | 250g", "price": "$4.00", "price_calculation": "$1.60 per 100g", "category": "Frozen"},
{"title": "McCain Lil Cheesy Vegemite Pizzas 4 Pack | 380g", "price": "$7.80", "price_calculation": "$2.05 per 100g", "category": "Frozen"},
{"title": "McCain Frozen Corn Kernels | 500g", "price": "$4.00", "price_calculation": "$8.00 per 1kg", "category": "Frozen"},
{"title": "KB's Yum Cha Money Bag | 240g", "price": "$8.50", "price_calculation": "$3.54 per 100g", "category": "Frozen"},
{"title": "Hanabi Mukimake Shelled Soybeans | 400g", "price": "$4.50", "price_calculation": "$11.25 per 1kg", "category": "Frozen"},
{"title": "King Of Kings Takoyaki Octopus Balls | 450g", "price": "$8.50", "price_calculation": "$1.89 per 100g", "category": "Frozen"},
{"title": "Coles Frozen Chicken Breast Kiev 2 Pack | 350g", "price": "$6.00", "price_calculation": "$17.14 per 1kg", "category": "Frozen"},
{"title": "King Of Kings Mini Korean Vegetable Pancake | 360g", "price": "$8.50", "price_calculation": "$2.36 per 100g", "category": "Frozen"},
{"title": "Dr. Oetker Frozen Ristorante Funghi Mushroom Pizza | 365g", "price": "$6.30", "price_calculation": "$1.73 per 100g", "category": "Frozen"},
{"title": "Super Charged Mexican Beef | 350g", "price": "$8.50", "price_calculation": "$2.43 per 100g", "category": "Frozen"},
{"title": "Dr. Oetker Frozen Ristorante Hawaii Pizza | 355g", "price": "$6.30", "price_calculation": "$1.77 per 100g", "category": "Frozen"},
{"title": "Birds Eye Steamfresh Fish Soy & Ginger | 380g", "price": "$9.00", "price_calculation": "$23.68 per 1kg", "category": "Frozen"},
{"title": "Steggles Southwest Chicken Pops | 400g", "price": "$6.50", "price_calculation": "$16.25 per 1kg", "category": "Frozen"},
{"title": "Weis Raspberry Coconut Bars | 280mL", "price": "$9.50", "price_calculation": "$3.39 per 100mL", "category": "Frozen"},
{"title": "Weight Watchers Frozen Chicken & Mushroom Fettuccine | 300g", "price": "$6.50", "price_calculation": "$2.17 per 100g", "category": "Frozen"},
{"title": "Weis Passionfruit Coconut Bars | 280mL", "price": "$9.50", "price_calculation": "$3.39 per 100mL", "category": "Frozen"},
{"title": "McCain Frozen Ultra Thin Crust Angus Beef Pizza | 320g", "price": "$9.00", "price_calculation": "$2.81 per 100g", "category": "Frozen"},
{"title": "Weis Natives Lemon Myrtel 4 Pack | 280mL", "price": "$9.50", "price_calculation": "$3.39 per 100mL", "category": "Frozen"},
{"title": "Balfours Frozen Premium Potato Pie 2 pack | 440g", "price": "$7.50", "price_calculation": "$1.70 per 100g", "category": "Frozen"},
{"title": "Peters Maxibon Ice Cream Waffle 4 Pack | 560mL", "price": "$9.50", "price_calculation": "$1.70 per 100mL", "category": "Frozen"},
{"title": "Peters Gluten Free Frosty Fruits Watermelon Slice Ice Cream Stick 8 pack | 520mL", "price": "$8.00", "price_calculation": "$1.54 per 100mL", "category": "Frozen"},
{"title": "Pana Organic Frozen Dessert Choc Hazelnut Ripple 4 Pack | 360mL", "price": "$9.50", "price_calculation": "$2.64 per 100mL", "category": "Frozen"},
{"title": "McCain Family Pizza Pepperoni | 490g", "price": "$8.50", "price_calculation": "$1.73 per 100g", "category": "Frozen"},
{"title": "Pana Organic Frozen Dessert White Coco Crunch 4 Pack | 360mL", "price": "$9.50", "price_calculation": "$2.64 per 100mL", "category": "Frozen"},
{"title": "Drumstick Ice Cream Mini Boysenberry 6Pack | 490mL", "price": "$9.50", "price_calculation": "$1.98 per 100mL", "category": "Frozen"},
{"title": "Hanabi BBQ Bulgogi Beef | 290g", "price": "$9.50", "price_calculation": "$3.28 per 100g", "category": "Frozen"},
{"title": "Four N Twenty Angus Beef Pies | 700g", "price": "$11.00", "price_calculation": "$1.57 per 100g", "category": "Frozen"},
{"title": "Sealord Gluten Free Hoki Bites | 350g", "price": "$10.00", "price_calculation": "$28.57 per 1kg", "category": "Frozen"},
{"title": "The Fishery Banana Prawn Meat | 200g", "price": "$12.00", "price_calculation": "$60.00 per 1kg", "category": "Frozen"},
{"title": "Street Calzone Bacon & Egg 4 Pack | 320g", "price": "$10.00", "price_calculation": "$3.13 per 100g", "category": "Frozen"},
{"title": "Coles Frozen Beef Lasagne Pasta | 400g", "price": "$3.00", "price_calculation": "$0.75 per 100g", "category": "Frozen"},
{"title": "Streets Blue Ribbon Duos Berry Passion Pavlova | 2L", "price": "$10.00", "price_calculation": "$0.50 per 100mL", "category": "Frozen"},
{"title": "Birds Eye Snap Frozen Sliced Green Beans | 1kg", "price": "$5.00", "price_calculation": "$5.00 per 1kg", "category": "Frozen"},
{"title": "I&J Salt & Pepper Squid Stick | 800g", "price": "$10.00", "price_calculation": "$12.50 per 1kg", "category": "Frozen"},
{"title": "McCain Red Box Tray Fettucine Carbonara  | 375g", "price": "$5.60", "price_calculation": "$1.49 per 100g", "category": "Frozen"},
{"title": "KB Tempura Prawns | 300g", "price": "$10.50", "price_calculation": "$35.00 per 1kg", "category": "Frozen"},
{"title": "McCain Red Box Plated Chicken Parmigiana  | 320g", "price": "$6.00", "price_calculation": "$1.88 per 100g", "category": "Frozen"},
{"title": "Halo Top Strawberry Cheesecake Ice Cream Tub | 473mL", "price": "$10.50", "price_calculation": "$2.22 per 100mL", "category": "Frozen"},
{"title": "Birds Eye Snap Frozen Winter Vegetables | 1 kg", "price": "$6.50", "price_calculation": "$6.50 per 1kg", "category": "Frozen"},
{"title": "Magnum Ice Cream Sweet & Salty Almond | 440mL", "price": "$10.50", "price_calculation": "$2.39 per 100mL", "category": "Frozen"},
{"title": "Streets Blue Ribbon Neapolitan Ice Cream Tub | 2L", "price": "$7.00", "price_calculation": "$0.35 per 100mL", "category": "Frozen"},
{"title": "On The Menu Family Meatballs & Spaghetti | 1.2kg", "price": "$11.00", "price_calculation": "$0.92 per 100g", "category": "Frozen"},
{"title": "McCain Frozen Ham & Pineapple Family Pizza | 500g", "price": "$8.50", "price_calculation": "$1.70 per 100g", "category": "Frozen"},
{"title": "Bulla Murray Street Ice Cream Caramel Swirl & Shortbread | 1L", "price": "$12.00", "price_calculation": "$1.20 per 100mL", "category": "Frozen"},
{"title": "Drumstick Ice Cream Super Choc 4Pack | 475mL", "price": "$9.50", "price_calculation": "$2.00 per 100mL", "category": "Frozen"},
{"title": "The Cheesecake Shop Mudcake Cheesecake Ice Cream | 500mL", "price": "$12.00", "price_calculation": "$2.40 per 100mL", "category": "Frozen"},
{"title": "Gelatissimo Gelato Italian Hazelnut | 473mL", "price": "$10.00", "price_calculation": "$2.11 per 100mL", "category": "Frozen"},
{"title": "YoPro Salted Caramel Peanut Butter Frozen Dessert Tub | 473mL", "price": "$12.00", "price_calculation": "$2.54 per 100mL", "category": "Frozen"},
{"title": "Steggles Habanero Chicken Wings | 1kg", "price": "$13.00", "price_calculation": "$13.00 per 1kg", "category": "Frozen"},
{"title": "Haagen Dazs Duo Belgian Chocolate & Vanilla Ice Cream Tub | 420mL", "price": "$13.50", "price_calculation": "$3.21 per 100mL", "category": "Frozen"},
{"title": "Coles Frozen Cauliflower | 500g", "price": "$3.00", "price_calculation": "$6.00 per 1kg", "category": "Frozen"},
{"title": "Haagen Dazs Caramel Biscuit & Cream Ice Cream Tub | 457mL", "price": "$13.50", "price_calculation": "$2.95 per 100mL", "category": "Frozen"},
{"title": "Coles Snap Frozen Peas & Corn | 500g", "price": "$3.00", "price_calculation": "$6.00 per 1kg", "category": "Frozen"},
{"title": "Mr.Chen's Frozen Family Dumpling Pack 20 Pieces | 625g", "price": "$15.00", "price_calculation": "$2.40 per 100g", "category": "Frozen"},
{"title": "Birds Eye Golden Crunch Straight Cut Chips | 900g", "price": "$5.80", "price_calculation": "$6.44 per 1kg", "category": "Frozen"},
{"title": "Mr Chen's Bao Buns | 640g", "price": "$16.00", "price_calculation": "$2.50 per 100g", "category": "Frozen"},
{"title": "Ingham's Chicken Chippies | 400g", "price": "$5.80", "price_calculation": "$14.50 per 1kg", "category": "Frozen"},
{"title": "Coles Frozen Fish Cakes 4 pack | 350g", "price": "$4.60", "price_calculation": "$13.14 per 1kg", "category": "Frozen"},
{"title": "Weight Watchers Chilli Con Carne | 330g", "price": "$6.50", "price_calculation": "$1.97 per 100g", "category": "Frozen"},
{"title": "Quorn Classic Beef Style Burger | 227g", "price": "$4.90", "price_calculation": "$2.16 per 100g", "category": "Frozen"},
{"title": "Ben & Jerry's Phish Food Ice Cream Tub | 458mL", "price": "$7.25", "price_calculation": "$1.58 per 100mL", "category": "Frozen"},
{"title": "Hanabi Surimi Crispy Tofu Balls | 500g", "price": "$5.00", "price_calculation": "$1.00 per 100g", "category": "Frozen"},
{"title": "The Village Dish Authentic Turkish Gozleme Spinach And Feta | 300g", "price": "$6.00", "price_calculation": "$2.00 per 100g", "category": "Frozen"},
{"title": "Vitapet Jerhigh Chicken Tenders Dog Treats | 100g", "price": "$9.00", "price_calculation": "$9.00 per 100g", "category": "Pet"},
{"title": "Fussy Cat Grain Free Twice as Tasty Adult Wet Cat Food Gravy Favourites 12x80g | 12 pack", "price": "$9.45", "price_calculation": "$0.98 per 100g", "category": "Pet"},
{"title": "Golp Homestyle Chicken Veg & Brown Rice Dog Or Cat Prebiotic Topper | 300g", "price": "$9.50", "price_calculation": "$3.17 per 100g", "category": "Pet"},
{"title": "Zamipet Dental Sticks Relax & Calm Medium/Large Dog Treat | 130g", "price": "$9.55", "price_calculation": "$7.35 per 100g", "category": "Pet"},
{"title": "Rufus & Coco Reel Fish Crunchers Cat Treat | 30g", "price": "$10.00", "price_calculation": "$33.33 per 100g", "category": "Pet"},
{"title": "Nerf Dog 4inch Rbbr Tr Fdr Dg Ty | 1 pack", "price": "$10.00", "price_calculation": "$10.00 per 1ea", "category": "Pet"},
{"title": "The Paw Grocer Bikkies Fresh Breath | 150g", "price": "$10.00", "price_calculation": "$6.67 per 100g", "category": "Pet"},
{"title": "The Paw Grocer Bikkies Bed Time | 150g", "price": "$10.00", "price_calculation": "$6.67 per 100g", "category": "Pet"},
{"title": "Lux & Bones Bush Magic Anti- Shedding/ Flaking- Skin & Coat Conditioner | 350mL", "price": "$10.50", "price_calculation": "$30.00 per 1L", "category": "Pet"},
{"title": "Lux & Bones Fur Fabulous Bright White Dog Shampoo | 350mL", "price": "$10.50", "price_calculation": "$30.00 per 1L", "category": "Pet"},
{"title": "Lux And Bones Arthouse Collection Cat Breakaway Safety Collar With Removable Bow | 1 pack", "price": "$11.00", "price_calculation": "$11.00 per 1ea", "category": "Pet"},
{"title": "Lux And Bones Arthouse Collection Printed Bamboo Cat Bowl | 1 pack", "price": "$11.00", "price_calculation": "$11.00 per 1ea", "category": "Pet"},
{"title": "Gourmet Delight Multipack Meaty Feast Cat Food 12x80g | 12 pack", "price": "$12.00", "price_calculation": "$1.25 per 100g", "category": "Pet"},
{"title": "Raw Boost Meal Topper Calming Health Dog Food | 60g", "price": "$12.00", "price_calculation": "$20.00 per 100g", "category": "Pet"},
{"title": "Purina Total Care Flea Powder For Dogs | 200g", "price": "$12.00", "price_calculation": "$60.00 per 1kg", "category": "Pet"},
{"title": "Outward Hound Treat Tumble Small Dog | 1 pack", "price": "$12.60", "price_calculation": "$12.60 per 1ea", "category": "Pet"},
{"title": "BX Earth Dog All Natural Shampoo Cleansing Aloe Vera Oatmeal & Shea Butter | 500mL", "price": "$14.00", "price_calculation": "$28.00 per 1L", "category": "Pet"},
{"title": "BX Earth Dog 2 In 1 Cherry Blossom Vanilla & Aloe Vera All Natural Conditioning Shampoo | 500mL", "price": "$14.00", "price_calculation": "$28.00 per 1L", "category": "Pet"},
{"title": "BX Earth Dog Dry Shampoo Foaming Mouse Aloe Vera Oatmeal & Shea Butter All Natural | 200mL", "price": "$14.00", "price_calculation": "$70.00 per 1L", "category": "Pet"},
{"title": "Woofin Good Dog Treats Kangaroo Tails | 4 pack", "price": "$14.00", "price_calculation": "$3.50 per 1ea", "category": "Pet"},
{"title": "Purina Total Care Cat Collar Reflective | 1 pack", "price": "$14.00", "price_calculation": "$14.00 per 1ea", "category": "Pet"},
{"title": "Purina Total Care Dentarope Dog Toy | 1 pack", "price": "$14.00", "price_calculation": "$14.00 per 1ea", "category": "Pet"},
{"title": "Rufus & Coco Metallic Cat Collar | 1 pack", "price": "$14.50", "price_calculation": "$14.50 per 1ea", "category": "Pet"},
{"title": "Purina Total Care Bedding Fresh Spray | 275mL", "price": "$15.00", "price_calculation": "$54.55 per 1L", "category": "Pet"},
{"title": "Lux And Bones Arthouse Collection Printed Collar Medium | 1 pack", "price": "$15.00", "price_calculation": "$15.00 per 1ea", "category": "Pet"},
{"title": "Lux & Bones Interchangeable Cat Toy With Extendable 1m Pole | 1 pack", "price": "$15.00", "price_calculation": "$15.00 per 1ea", "category": "Pet"},
{"title": "Woofin Good Dental Brush Medium Dog Treat | 10 pack", "price": "$15.00", "price_calculation": "$1.50 per 1ea", "category": "Pet"},
{"title": "Woofin Good Dental Brush Large Dog Treat | 5 pack", "price": "$15.00", "price_calculation": "$3.00 per 1ea", "category": "Pet"},
{"title": "Nood Wild Caught Salmon Recipe With Garden Vegetables Dog Food 12x100g | 12 pack", "price": "$15.50", "price_calculation": "$1.29 per 100g", "category": "Pet"},
{"title": "Peters Brunch Rabbit & Guinea Pig Food | 450g", "price": "$15.50", "price_calculation": "$3.44 per 100g", "category": "Pet"},
{"title": "Coles Adult Dry Cat Food With Chicken & Salmon | 4kg", "price": "$16.00", "price_calculation": "$0.40 per 100g", "category": "Pet"},
{"title": "Schmackos Strapz With Liver Dog Treats | 500g", "price": "$16.00", "price_calculation": "$3.20 per 100g", "category": "Pet"},
{"title": "Coles Rectractable Lead | 1 pack", "price": "$16.50", "price_calculation": "$16.50 per 1ea", "category": "Pet"},
{"title": "Purina Total Care Knot Remover & Flea Comb Dog | 1 pack", "price": "$17.00", "price_calculation": "$17.00 per 1ea", "category": "Pet"},
{"title": "Hasbro \"17\" Squeak & Tug Hungry Hungry Hippos Dog Toy\" | 1 pack", "price": "$18.00", "price_calculation": "$18.00 per 1ea", "category": "Pet"},
{"title": "Nerf Dog TPR 3 Ring Tuff Tug | 1 pack", "price": "$20.00", "price_calculation": "$20.00 per 1ea", "category": "Pet"},
{"title": "Hasbro \"10\" Dog Toys  Mr. Potato Head With Rope\" | 1 pack", "price": "$20.00", "price_calculation": "$20.00 per 1ea", "category": "Pet"},
{"title": "Petstage Liver Brunch Dog Toy Small | 1 pack", "price": "$20.00", "price_calculation": "$20.00 per 1ea", "category": "Pet"},
{"title": "Lux & Bones Water Bottle | 1 pack", "price": "$20.00", "price_calculation": "$20.00 per 1ea", "category": "Pet"},
{"title": "Fancy Feast Dry Cat Food Tuna Prawn Mackerel & Crab Flavour | 1.4kg", "price": "$21.00", "price_calculation": "$1.50 per 100g", "category": "Pet"},
{"title": "Farmers Market Adult Dry Dog Food With Beef Kibble + Aid Dried Inclusions | 2.2kg", "price": "$21.00", "price_calculation": "$0.95 per 100g", "category": "Pet"},
{"title": "Optimum Chicken Rice With Vegetables Dry Dog Food | 3kg", "price": "$22.00", "price_calculation": "$0.73 per 100g", "category": "Pet"},
{"title": "Nature's Gift Adult All Breeds Dry Dog Food With Kangaroo | 6kg", "price": "$22.50", "price_calculation": "$0.38 per 100g", "category": "Pet"},
{"title": "Purina Disney Mickey Mouse Plush Dog Toy | 1 pack", "price": "$23.00", "price_calculation": "$23.00 per 1ea", "category": "Pet"},
{"title": "Marvel Thor Hammer Dog Toy | 1 pack", "price": "$23.00", "price_calculation": "$23.00 per 1ea", "category": "Pet"},
{"title": "Whiskas 1+ Years So Meaty Poultry Dishes Cat Food 24x85g | 24 pack", "price": "$26.00", "price_calculation": "$1.27 per 100g", "category": "Pet"},
{"title": "Nature's Gift Dog Food Adult Wet Dog Food Strips with Kangaroo in Gravy 24x100g | 24 pack", "price": "$26.00", "price_calculation": "$1.08 per 100g", "category": "Pet"},
{"title": "Purina Lucky Dog  Minced Beef Vegetable & Marrowbone Flavour Adult Dry Dog Food | 8kg", "price": "$26.50", "price_calculation": "$0.33 per 100g", "category": "Pet"},
{"title": "Fila Fxt Suspension Trainer | 1 each", "price": "$25.00", "price_calculation": "$25.00 per 1ea", "category": "Household"},
{"title": "Fila Fxt Boxing Glove | 1 each", "price": "$25.00", "price_calculation": "$25.00 per 1ea", "category": "Household"},
{"title": "Glade Aromatherapy Candle Lavender & Sandalwood | 1 each", "price": "$25.00", "price_calculation": "$25.00 per 1ea", "category": "Household"},
{"title": "Glade Aromatherapy Candle Orange & Neroli | 1 each", "price": "$25.00", "price_calculation": "$25.00 per 1ea", "category": "Household"},
{"title": "Armor All Matte Protectant | 500mL", "price": "$25.50", "price_calculation": "$5.10 per 100g", "category": "Household"},
{"title": "Mirabella Genio Gls Wifi Bc 9W 800LUM  2700K-6500K | 1 pack", "price": "$26.00", "price_calculation": "$26.00 per 1ea", "category": "Household"},
{"title": "OMO 3 In 1 Laundry Capsules Sensitive | 28 pack", "price": "$26.00", "price_calculation": "$0.93 per 1ea", "category": "Household"},
{"title": "Fairy 30 Minute Miracle Clean Deep Clean | 31 pack", "price": "$26.00", "price_calculation": "$0.84 per 1ea", "category": "Household"},
{"title": "OMO 3 In 1 Capsules Comfort | 28 pack", "price": "$26.00", "price_calculation": "$0.93 per 1ea", "category": "Household"},
{"title": "Duracell Optimum AA | 12 pack", "price": "$26.00", "price_calculation": "$2.17 per 1ea", "category": "Household"},
{"title": "Duracell Optimum AAA | 12 pack", "price": "$26.00", "price_calculation": "$2.17 per 1ea", "category": "Household"},
{"title": "Duracell 100 Lumen Spotlight Floating 4 AA Batteries | 1 each", "price": "$27.00", "price_calculation": "$27.00 per 1ea", "category": "Household"},
{"title": "Crest Worldwide Travel Adaptor 2 USB | 1 pack", "price": "$27.00", "price_calculation": "$27.00 per 1ea", "category": "Household"},
{"title": "Mortein Peaceful Nights Odourless Mozzie Zapper | 2.57mL", "price": "$28.00", "price_calculation": "$28.00 per 1ea", "category": "Household"},
{"title": "Tefal Easy Clean Frypan 20cm | 1 each", "price": "$28.00", "price_calculation": null, "category": "Household"},
{"title": "Pyrex Cook & Go Glass Container 3.3L | 1 each", "price": "$28.00", "price_calculation": "$28.00 per 1ea", "category": "Household"},
{"title": "Cold Power Triple Capsules Regular | 30 pack", "price": "$28.00", "price_calculation": "$0.93 per 1ea", "category": "Household"},
{"title": "Duracell CEF14 Hi-Speed Rechargeable Battery Charger | 1 pack", "price": "$28.80", "price_calculation": "$28.80 per 1ea", "category": "Household"},
{"title": "Ion Laundry Capsules Sensitive | 36 pack", "price": "$29.00", "price_calculation": "$0.81 per 1ea", "category": "Household"},
{"title": "Ion Laundry Capsules Colour | 36 pack", "price": "$29.00", "price_calculation": "$0.81 per 1ea", "category": "Household"},
{"title": "Ion Laundry Capsules Fragrance | 36 pack", "price": "$29.00", "price_calculation": "$0.81 per 1ea", "category": "Household"},
{"title": "CUB Zip Coverall Bear Pattern And Grey | 2 pack", "price": "$29.00", "price_calculation": "$14.50 per 1ea", "category": "Household"},
{"title": "CUB Zip Coverall Yellow | 2 pack", "price": "$29.00", "price_calculation": "$14.50 per 1ea", "category": "Household"},
{"title": "Crest 1 Way Power Adaptor 3 USB-A 1 USB-C | 1 pack", "price": "$29.00", "price_calculation": "$29.00 per 1ea", "category": "Household"},
{"title": "Duracell In The Bowl | 50 pack", "price": null, "price_calculation": null, "category": "Household"},
{"title": "Urbanworx Himalayan Salt Aroma Diffuser | 1 each", "price": "$49.99", "price_calculation": "$49.99 per 1ea", "category": "Household"},
{"title": "Audeeo Radiant Wired Headphones | 1 each", "price": "$30.00", "price_calculation": "$30.00 per 1ea", "category": "Household"},
{"title": "Optix Titanium Pro Dishwashing Tablets | 45 pack", "price": "$30.00", "price_calculation": "$66.67 per 100ea", "category": "Household"},
{"title": "Crest Power Wall Charger Usbc Pd20W | 1 pack", "price": "$30.00", "price_calculation": "$30.00 per 1ea", "category": "Household"},
{"title": "Curtis Stone Rectangle Baking Dish | 1 each", "price": "$30.00", "price_calculation": "$30.00 per 1ea", "category": "Household"},
{"title": "Asena Rgb Mouse Mat 80x30 | 1 each", "price": "$30.00", "price_calculation": "$30.00 per 1ea", "category": "Household"},
{"title": "Mortein Twin Pack Power Gard Crawling & Flying Insect Surface Spray 2X325g | 2 pack", "price": "$30.00", "price_calculation": "$4.62 per 100g", "category": "Household"},
{"title": "NRG Bluetooth Portable Speaker | 1 each", "price": "$30.00", "price_calculation": "$30.00 per 1ea", "category": "Household"},
{"title": "Fairy 30 Minute Miracle Clean Deep Clean | 45 pack", "price": "$30.00", "price_calculation": "$66.67 per 100ea", "category": "Household"},
{"title": "Smash Blue Stainless Steel Double Wall Chugger 750mL | 1 each", "price": "$31.00", "price_calculation": "$31.00 per 1ea", "category": "Household"},
{"title": "Seiki 500 Watt Space Heater | 1 each", "price": "$31.00", "price_calculation": "$31.00 per 1ea", "category": "Household"},
{"title": "Cold Power Clean & Fresh Laundry Detergent Liquid With Odour Fighter | 3.6L", "price": "$32.00", "price_calculation": "$8.89 per 1L", "category": "Household"},
{"title": "Crest Multipurpose Power Board With 4 Socket & Switch Surge Protected | 1 each", "price": "$33.00", "price_calculation": "$33.00 per 1ea", "category": "Household"},
{"title": "Fairy Dishwashing Tablets All In One Lemon | 64 pack", "price": null, "price_calculation": null, "category": "Household"},
{"title": "Energizer iPhone Cable Steel 1.2M | 1 pack", "price": "$33.50", "price_calculation": "$33.50 per 1ea", "category": "Household"},
{"title": "Energizer iPhone Cable Lifetime Warranty 1.2M White | 1 each", "price": "$33.50", "price_calculation": "$33.50 per 1ea", "category": "Household"},
{"title": "Brita Water Jug Filter Maxtra Limescale Expert | 2 pack", "price": "$35.00", "price_calculation": "$17.50 per 1ea", "category": "Household"},
{"title": "Curtis Stone Jug Saucepan | 1 each", "price": "$35.00", "price_calculation": "$35.00 per 1ea", "category": "Household"},
{"title": "Curtis Stone Chefs Knife | 1 each", "price": "$35.00", "price_calculation": "$35.00 per 1ea", "category": "Household"},
{"title": "Fire Safe Fire Extinguisher (ABE) | 1kg", "price": "$35.00", "price_calculation": "$35.00 per 1ea", "category": "Household"},
{"title": "Moki Go Lightning Syncharge Cable 2M | 2m", "price": "$35.00", "price_calculation": "$17.50 per 1M", "category": "Household"},
{"title": "Dine Classic Collection Pouch Cat Food Succulent Selection In Jelly 12x85g | 12 pack", "price": "$12.00", "price_calculation": "$1.18 per 100g", "category": "Pet"},
{"title": "Gourmet Delight Multipack Ocean Delights Cat Food 12x80g | 12 pack", "price": "$12.00", "price_calculation": "$1.25 per 100g", "category": "Pet"},
{"title": "Peters Poultry Mix Free Range | 5kg", "price": "$12.00", "price_calculation": "$0.24 per 100g", "category": "Pet"},
{"title": "Optimum Healthy Weight Chunks In Jelly Chicken Cat Food 12x85g | 12 pack", "price": "$13.00", "price_calculation": "$1.27 per 100g", "category": "Pet"},
{"title": "Whiskas Beef & Lamb Adult Dry Cat Food | 1.8kg", "price": "$14.00", "price_calculation": "$0.78 per 100g", "category": "Pet"},
{"title": "Purina Tidy Cats Litter Tray Deodoriser | 560g", "price": "$15.50", "price_calculation": "$27.68 per 1kg", "category": "Pet"},
{"title": "Elevate Dry Dog Food Healthy Weight Chicken | 3kg", "price": "$20.80", "price_calculation": "$0.69 per 100g", "category": "Pet"},
{"title": "Applaws Chicken & Turkey All Breed Dog Food | 2.7kg", "price": "$21.00", "price_calculation": "$0.78 per 100g", "category": "Pet"},
{"title": "Nature's Gift Adult All Breeds Dry Dog Food With Beef | 6kg", "price": "$22.50", "price_calculation": "$0.38 per 100g", "category": "Pet"},
{"title": "Catsan Natural Extra Absorbent Clumping Cat Litter | 8L", "price": "$22.50", "price_calculation": "$2.81 per 1L", "category": "Pet"},
{"title": "Supercoat True Origin Adult Dry Dog Food Salmon & Ocean Fish | 2.5 kg", "price": "$24.00", "price_calculation": "$0.96 per 100g", "category": "Pet"},
{"title": "Fussy Cat Twice As Tasty Fish Lovers Cat Food 28x80g | 28 pack", "price": "$25.00", "price_calculation": "$1.12 per 100g", "category": "Pet"},
{"title": "Whiskas So Meaty 1+ Years Wet Cat Food Meat Cuts In Gravy 85g Pouch | 24 pack", "price": "$26.00", "price_calculation": "$1.27 per 100g", "category": "Pet"},
{"title": "Whiskas 1+ Years So Fishy Recipe Ocean Platter In Jelly Cat Food 85g | 24 pack", "price": "$26.00", "price_calculation": "$1.27 per 100g", "category": "Pet"},
{"title": "Supercoat Adult Active With Beef Dry Dog Food | 6.7kg", "price": "$28.00", "price_calculation": "$0.42 per 100g", "category": "Pet"},
{"title": "Pedigree Large Breed With Real Beef Dry Dog Food | 8kg", "price": "$31.00", "price_calculation": "$0.39 per 100g", "category": "Pet"},
{"title": "Pet Treat Bar Smoked Lamb Bone | approx 100g", "price": "$6.00", "price_calculation": "$60.00 per 1kg", "category": "Pet"},
{"title": "Pet Treat Bar Carob Cookies | approx 100g", "price": "$6.00", "price_calculation": "$60.00 per 1kg", "category": "Pet"},
{"title": "Nature's Gift Adult All Breeds Wet Dog Food Loaf Succulent Lamb | 100g", "price": "$1.60", "price_calculation": "$1.60 per 100g", "category": "Pet"},
{"title": "Nature's Gift Adult All Breeds Wet Dog Food Loaf Prime Beef in Gravy | 100g", "price": "$1.60", "price_calculation": "$1.60 per 100g", "category": "Pet"},
{"title": "My Dog Adult Wet Dog Food Beef Liver Tray | 100g", "price": "$1.70", "price_calculation": "$1.70 per 100g", "category": "Pet"},
{"title": "My Dog Chicken Mince With Rice Carrots & Spinach Puppy Wet Dog Food | 100g", "price": "$1.70", "price_calculation": "$1.70 per 100g", "category": "Pet"},
{"title": "My Dog Select Toppings With Tender Chicken & Cheese Adult Wet Dog Food | 100g", "price": "$1.70", "price_calculation": "$1.70 per 100g", "category": "Pet"},
{"title": "Coles Budgie & Canary Treat With Honey | 1 pack", "price": "$2.00", "price_calculation": "$2.00 per 1ea", "category": "Pet"},
{"title": "Pedigree Loaf With 5 Kinds Of Meat Adult Wet Dog Food Can | 700g", "price": "$3.50", "price_calculation": "$0.50 per 100g", "category": "Pet"},
{"title": "Trill Vege Mix | 120g", "price": "$4.00", "price_calculation": "$3.33 per 100g", "category": "Pet"},
{"title": "Trill Honey Sticks for Cockatiels Variety Pack Bird Treat | 3 pack", "price": "$4.00", "price_calculation": "$3.81 per 100g", "category": "Pet"},
{"title": "Coles Cat And Dog Double Bowl | 1 pack", "price": "$4.50", "price_calculation": "$4.50 per 1ea", "category": "Pet"},
{"title": "Coles Red Ribbon Spare Ribs Kangaroo & Honey | 5 pack", "price": "$5.00", "price_calculation": "$1.00 per 1ea", "category": "Pet"},
{"title": "Coles Cat Collar Reflective Medium | 1 pack", "price": "$5.00", "price_calculation": "$5.00 per 1ea", "category": "Pet"},
{"title": "Trill Toppers Bird Treat | 112g", "price": "$5.00", "price_calculation": "$4.46 per 100g", "category": "Pet"},
{"title": "Nature's Gift Loaf Real Chicken Wet Dog Food 100g | 6 pack", "price": "$5.95", "price_calculation": "$0.99 per 100g", "category": "Pet"},
{"title": "Nature's Gift Loaf Succulent Lamb Wet Dog Food 100g | 6 pack", "price": "$5.95", "price_calculation": "$0.99 per 100g", "category": "Pet"},
{"title": "Nature's Gift Prime Beef In Gravy Dog Food 100g | 6 pack", "price": "$5.95", "price_calculation": "$0.99 per 100g", "category": "Pet"},
{"title": "The Natural One Premium Bone Broth For Pets Free Range Chicken | 500mL", "price": "$6.00", "price_calculation": "$1.20 per 100mL", "category": "Pet"},
{"title": "Coles Rabbit And Guinea Pig Food | 2kg", "price": "$6.30", "price_calculation": "$0.32 per 100g", "category": "Pet"},
{"title": "Purr Chicken With Kangaroo Mince Cat Food 8 X Portions | 680g", "price": "$6.50", "price_calculation": "$0.96 per 100g", "category": "Pet"},
{"title": "Schmackos Strapz BBQ Lamb Dog Treat | 200g", "price": "$7.50", "price_calculation": "$3.75 per 100g", "category": "Pet"},
{"title": "Schmackos Strapz Dog Treats With Hickory Smoked Ham | 200g", "price": "$7.50", "price_calculation": "$3.75 per 100g", "category": "Pet"},
{"title": "Farmers Market Adult Wet Dog Food Tender Lamb With Julienne Carrot & Bean 6x100g | 6 pack", "price": "$8.50", "price_calculation": "$1.42 per 100g", "category": "Pet"},
{"title": "Dine Pulled Menu Gravy Indulgence Tuna Cat Food 7x85g | 7 pack", "price": "$8.50", "price_calculation": "$1.43 per 100g", "category": "Pet"},
{"title": "Rascal Dog Treat Date Night - Date Banana And Blueberry | 125g", "price": "$8.95", "price_calculation": "$7.16 per 100g", "category": "Pet"},
{"title": "Farmers Market Grain Free Wet Cat Food Fish Collection Variety Pack | 6 pack", "price": "$9.50", "price_calculation": "$1.98 per 100g", "category": "Pet"},
{"title": "Farmers Market Grain Free Adult Wet Cat Food Chicken Collection Variety Pack | 6 pack", "price": "$9.50", "price_calculation": "$1.98 per 100g", "category": "Pet"},
{"title": "Lux And Bones Character Ball Dog Toy | 1 pack", "price": "$10.00", "price_calculation": "$10.00 per 1ea", "category": "Pet"},
{"title": "Doggylicious Dog Treat Calming Cookies | 180g", "price": "$10.00", "price_calculation": "$5.56 per 100g", "category": "Pet"},
{"title": "Elevate Adult Multi Care Dog Treat | 300g", "price": "$10.50", "price_calculation": "$3.50 per 100g", "category": "Pet"},
{"title": "Purina Lucky Dog Dry Minced Beef, Vegetable & Marrowbone Flavour Dog Food | 3Kg", "price": "$11.00", "price_calculation": "$0.37 per 100g", "category": "Pet"},
{"title": "Woofin Good Chunks In Jelly Mixed Selection Chicken- Duck & Turkey Pouches Dog Food 12x100g | 12 pack", "price": "$13.00", "price_calculation": "$1.08 per 100g", "category": "Pet"},
{"title": "Woofin Good Chunks In Gravy Mixed Selection Chicken- Duck & Turkey Pouches Dog Food 12x100g | 12 pack", "price": "$13.00", "price_calculation": "$1.08 per 100g", "category": "Pet"},
{"title": "Nood Cage Free Chicken Recipe In Gravy Cat Food 80g | 12 pack", "price": "$14.50", "price_calculation": "$1.51 per 100g", "category": "Pet"},
{"title": "Nood Wet Cat Food Sustainable Salmon & Tuna Recipe In Gravy 12x80g | 12 pack", "price": "$14.50", "price_calculation": "$1.51 per 100g", "category": "Pet"},
{"title": "Total Care Tasty Allwormer For Dogs | 4 pack", "price": "$14.80", "price_calculation": "$3.70 per 1ea", "category": "Pet"},
{"title": "Rufus & Coco Clean & Chew Dental Dog Toy | 1 pack", "price": "$15.00", "price_calculation": "$15.00 per 1ea", "category": "Pet"},
{"title": "Rufus & Coco 2 in 1 Oatmeal Wash | 200mL", "price": "$15.00", "price_calculation": "$75.00 per 1L", "category": "Pet"},
{"title": "Nood Cage Free Chicken Recipe With Garden Vegetables Puppy Dog Food 12x100g | 12 pack", "price": "$15.50", "price_calculation": "$1.29 per 100g", "category": "Pet"},
{"title": "Rufus & Coco Flea Flee Shampoo | 200mL", "price": "$15.50", "price_calculation": "$77.50 per 1L", "category": "Pet"},
{"title": "Schmackos Stix With Beef Dog Treats | 500g", "price": "$16.00", "price_calculation": "$3.20 per 100g", "category": "Pet"},
{"title": "Schmackos Strapz With Chicken Dog Treats | 500g", "price": "$16.00", "price_calculation": "$3.20 per 100g", "category": "Pet"},
{"title": "Petstages Dogwood Stick Medium Dog Toy | 1 pack", "price": "$16.80", "price_calculation": "$16.80 per 1ea", "category": "Pet"},
{"title": "Purina Total Care Nail Clippers Dog | 1 pack", "price": "$17.00", "price_calculation": "$17.00 per 1ea", "category": "Pet"},
{"title": "Purina Dentalife Dog Treat Chews Large | 18 pack", "price": "$17.30", "price_calculation": "$0.96 per 1ea", "category": "Pet"},
{"title": "Greenies Original Dog Treat Large | 170g", "price": "$18.00", "price_calculation": "$10.59 per 100g", "category": "Pet"},
{"title": "Purina Total Care Cuddlechews Dog Toy | 1 pack", "price": "$18.00", "price_calculation": "$18.00 per 1ea", "category": "Pet"},
{"title": "Purina Total Care Flea Tick Control Plus Small Dog Treatment | 1 pack", "price": "$21.00", "price_calculation": "$21.00 per 1ea", "category": "Pet"},
{"title": "Purina Total Care Flea Control Plus Cat Treatment | 1 pack", "price": "$22.00", "price_calculation": "$22.00 per 1ea", "category": "Pet"},
{"title": "Optimum Dry Dog Food Dental Care With Chicken | 3kg", "price": "$22.00", "price_calculation": "$0.73 per 100g", "category": "Pet"},
{"title": "Whiskas 1+ Tuna Favourites In Jelly Cat Food 24x85g | 24 pack", "price": "$24.00", "price_calculation": "$1.18 per 100g", "category": "Pet"},
{"title": "Lux And Bones Harness & Leash Medium Set | 1 pack", "price": "$25.00", "price_calculation": "$25.00 per 1ea", "category": "Pet"},
{"title": "Nerf Blaster And Non-Squeak Tennis Ball | 3 pack", "price": "$25.00", "price_calculation": "$8.33 per 1ea", "category": "Pet"},
{"title": "Purina Total Care Heartwormer, Allwormer & Flea Control  for Small Dogs | 1 pack", "price": "$26.50", "price_calculation": "$26.50 per 1ea", "category": "Pet"},
{"title": "Dine Classic Collections Pouch Cat Food Succulent Selection In Gravy 24x85g | 24 pack", "price": "$28.00", "price_calculation": "$1.37 per 100g", "category": "Pet"},
{"title": "Purina Total Care Heartwormer Allwormer & Flea Control  for Medium Dogs | 1 pack", "price": "$28.50", "price_calculation": "$28.50 per 1ea", "category": "Pet"},
{"title": "Pedigree Dentastix Large Giant Dog Treat | 56 pack", "price": "$41.00", "price_calculation": "$0.73 per 1ea", "category": "Pet"},
{"title": "Pet Treat Bar Pork Trotter Disks | approx 100g", "price": "$6.00", "price_calculation": "$60.00 per 1kg", "category": "Pet"},
{"title": "My Dog Home Delights Chunks In Gravy With Slow Cooked Chicken Pasta And Vegetables | 100g", "price": "$1.70", "price_calculation": "$1.70 per 100g", "category": "Pet"},
{"title": "My Dog Home Delights Chunks In Gravy With Slow Cooked Beef And Green Vegetables | 100g", "price": "$1.70", "price_calculation": "$1.70 per 100g", "category": "Pet"},
{"title": "Woofin Good Chunks In Gravy Beef Liver & Veg Dog Food | 400g", "price": "$2.00", "price_calculation": "$0.50 per 100g", "category": "Pet"},
{"title": "Coles Cockatiel Treat With Honey  | 1 pack", "price": "$2.10", "price_calculation": "$2.10 per 1ea", "category": "Pet"},
{"title": "Optimum Kitten 2-12 Months Chunks In Jelly With Salmon Cat Food Pouch | 85g", "price": "$2.10", "price_calculation": "$2.47 per 100g", "category": "Pet"},
{"title": "Coles Dog Food Loaf Chicken Rice & Vegetables | 1.2kg", "price": null, "price_calculation": null, "category": "Pet"},
{"title": "Pups In The Pantry Protein Balls With Pea-Mutt Butter Dog Treat | 3 pack", "price": "$3.50", "price_calculation": "$1.17 per 1ea", "category": "Pet"},
{"title": "Pedigree Loaf With 5 Kinds Of Meat Adult Wet Dog Food Can | 1.2kg", "price": "$4.00", "price_calculation": "$0.33 per 100g", "category": "Pet"},
{"title": "Pet Munchies Gourmet Small Animal Treat | 300g", "price": "$4.00", "price_calculation": "$1.33 per 100g", "category": "Pet"},
{"title": "Bird Munchies Twin Pack Budgie Treat | 220g", "price": "$4.30", "price_calculation": "$1.95 per 100g", "category": "Pet"},
{"title": "Trill Fruit & Nut Blend Bird Food | 200g", "price": "$4.50", "price_calculation": "$2.25 per 100g", "category": "Pet"},
{"title": "Vitapet Fish Food Weekend Block | 1 each", "price": "$5.50", "price_calculation": "$5.50 per 1ea", "category": "Pet"},
{"title": "Coles Adjustable Dog Collar Medium | 1 pack", "price": "$6.00", "price_calculation": "$6.00 per 1ea", "category": "Pet"},
{"title": "Optimum Dog Treat Muesli Bars With Chicken Coconut & Kefir Digestion | 4 pack", "price": "$6.00", "price_calculation": "$1.50 per 1ea", "category": "Pet"},
{"title": "Optimum Dog Treat Cookies With Salmon & Chia | 6 pack", "price": "$6.00", "price_calculation": "$1.00 per 1ea", "category": "Pet"},
{"title": "Optimum Dog Treat Protein Bites With Fish & Spinach | 75g", "price": "$6.00", "price_calculation": "$8.00 per 100g", "category": "Pet"},
{"title": "Schmackos Dog Treat BBQ Lamb Kebab | 7 pack", "price": "$6.50", "price_calculation": "$0.93 per 1ea", "category": "Pet"},
{"title": "Coles Dog Collar With Steel O Ring & Safety Clip Large | 1 pack", "price": "$7.00", "price_calculation": "$7.00 per 1ea", "category": "Pet"},
{"title": "Woofin Good Dental Dog Treat Medium Large Dog | 4 pack", "price": "$7.00", "price_calculation": "$1.75 per 1ea", "category": "Pet"},
{"title": "Coles Adult Small Breed Dry Dog Food With Chicken | 3kg", "price": "$7.00", "price_calculation": "$0.23 per 100g", "category": "Pet"},
{"title": "Rascal Dog Treat Pump It Up - Roasted Pumpkin | 125g", "price": "$8.95", "price_calculation": "$7.16 per 100g", "category": "Pet"},
{"title": "La Espanola Olive Oil Light & Mild | 1L", "price": "$10.00", "price_calculation": "$1.00 per 100mL", "category": "Pantry"},
{"title": "Coles Pasta Spaghetti | 500g", "price": "$0.90", "price_calculation": "$0.18 per 100g", "category": "Pantry"},
{"title": "Bulla Murray Street Vanilla & Boysenberry Swirl | 1L", "price": "$12.00", "price_calculation": "$1.20 per 100mL", "category": "Bonus Cookware Credits"},
{"title": "Edgell Black Beans | 400g", "price": "$1.70", "price_calculation": "$4.25 per 1kg", "category": "Pantry"},
{"title": "Bulla Murray Street Ice Cream Honey & Salted Caramel Peanut | 1L", "price": "$12.00", "price_calculation": "$1.20 per 100mL", "category": "Bonus Cookware Credits"},
{"title": "Edgell Chickpeas | 400g", "price": "$1.70", "price_calculation": "$4.25 per 1kg", "category": "Pantry"},
{"title": "Rexona Women Clinical Protection Antiperspirant Cream Gentle Dry | 45mL", "price": "$13.00", "price_calculation": "$28.89 per 100mL", "category": "Bonus Cookware Credits"},
{"title": "Sanitarium Weet Bix Breakfast Cereal | 575g", "price": "$4.40", "price_calculation": "$0.77 per 100g", "category": "Pantry"},
{"title": "Dove Antiperspirant Cream Pomegranate | 45mL", "price": "$13.00", "price_calculation": "$28.89 per 100mL", "category": "Bonus Cookware Credits"},
{"title": "Smith's Crinkle Original Potato Chips | 380g", "price": "$6.00", "price_calculation": "$1.58 per 100g", "category": "Pantry"},
{"title": "Optimum Healthy Weight Chunks In Jelly Chicken Cat Food 12x85g | 12 pack", "price": "$13.00", "price_calculation": "$1.27 per 100g", "category": "Bonus Cookware Credits"},
{"title": "Poppin Triple Butter Microwave Popcorn | 400g", "price": "$7.00", "price_calculation": "$1.75 per 100g", "category": "Pantry"},
{"title": "Air Wick Life Scents Reeds Mystical Garden | 30mL", "price": "$14.00", "price_calculation": "$4.67 per 10mL", "category": "Bonus Cookware Credits"},
{"title": "Cadbury Favourites Boxed Chocolate | 520g", "price": "$11.00", "price_calculation": "$2.12 per 100g", "category": "Pantry"},
{"title": "Dove Conditioner Nourishing Moisture | 820mL", "price": "$17.00", "price_calculation": "$2.07 per 100mL", "category": "Bonus Cookware Credits"},
{"title": "Coles Microwave Popcorn Butter | 100g", "price": "$0.95", "price_calculation": "$0.95 per 100g", "category": "Pantry"},
{"title": "Dove Conditioner Restoring Ritual | 820mL", "price": "$17.00", "price_calculation": "$2.07 per 100mL", "category": "Bonus Cookware Credits"},
{"title": "CSR Caster Sugar | 1kg", "price": "$3.00", "price_calculation": "$0.30 per 100g", "category": "Pantry"},
{"title": "Vanish Napisan Gold Multi Power Stain Remover & Laundry Booster Powder | 1kg", "price": "$17.00", "price_calculation": "$17.00 per 1kg", "category": "Bonus Cookware Credits"},
{"title": "Arnott's Monte Carlo Biscuits | 250g", "price": "$3.00", "price_calculation": "$1.20 per 100g", "category": "Pantry"},
{"title": "Somat Excellence Dishwashing Tablets | 30 pack", "price": "$18.00", "price_calculation": "$0.60 per 1ea", "category": "Bonus Cookware Credits"},
{"title": "Kettle Natives Lime & Pepper | 150g", "price": "$3.00", "price_calculation": "$2.00 per 100g", "category": "Pantry"},
{"title": "Vanish Napisan Oxi Action Powder Stain Remover | 2kg", "price": "$19.00", "price_calculation": "$9.50 per 1kg", "category": "Bonus Cookware Credits"},
{"title": "Pic's Really Good Crunchy Peanut Butter | 380g", "price": "$7.50", "price_calculation": "$1.97 per 100g", "category": "Pantry"},
{"title": "Dynamo Professional 7 In 1 Discs | 28 pack", "price": "$20.00", "price_calculation": "$0.71 per 1ea", "category": "Bonus Cookware Credits"},
{"title": "Cadbury Favourites Boxed Chocolate | 340g", "price": "$16.00", "price_calculation": "$4.71 per 100g", "category": "Pantry"},
{"title": "Dynamo Professional Oxi Laundry Capsules | 28 pack", "price": "$20.00", "price_calculation": "$0.71 per 1ea", "category": "Bonus Cookware Credits"},
{"title": "Coles Basmati Rice | 5kg", "price": "$18.00", "price_calculation": "$0.36 per 100g", "category": "Pantry"},
{"title": "Colgate Optic White Pro Series Vividly Fresh Teeth Whitening Toothpaste | 80g", "price": "$20.00", "price_calculation": "$25.00 per 100g", "category": "Bonus Cookware Credits"},
{"title": "Coles Durum Wheat Pasta Macaroni | 500g", "price": "$1.00", "price_calculation": "$0.20 per 100g", "category": "Pantry"},
{"title": "L'Or Espresso Supremo Capsules | 40 pack", "price": "$22.00", "price_calculation": "$0.55 per 1ea", "category": "Bonus Cookware Credits"},
{"title": "Coles Durum Wheat Pasta Rigatoni | 500g", "price": "$1.00", "price_calculation": "$0.20 per 100g", "category": "Pantry"},
{"title": "I&J The Finest Frozen Salmon Portions Skin Off | 500g", "price": "$23.00", "price_calculation": "$46.00 per 1kg", "category": "Bonus Cookware Credits"},
{"title": "Campbell's Country Ladle Soup Can Minestrone | 495g", "price": "$2.25", "price_calculation": "$0.45 per 100g", "category": "Pantry"},
{"title": "Heinz Spaghetti in Tomato Sauce Pasta | 535g", "price": "$3.50", "price_calculation": "$6.54 per 1kg", "category": "Bonus Cookware Credits"},
{"title": "Sakata Seaweed Rice Crackers Gluten Free | 90g", "price": "$2.30", "price_calculation": "$2.56 per 100g", "category": "Pantry"},
{"title": "Maggi Stir Fry Creations Pad Thai | 150g", "price": "$3.50", "price_calculation": "$2.33 per 100g", "category": "Bonus Cookware Credits"},
{"title": "Continental Cup A Soup Creamy Chicken With Lots Of Noodles Serves 2 | 60g", "price": "$2.80", "price_calculation": "$4.67 per 100g", "category": "Pantry"},
{"title": "Philadelphia Portions Cream Cheese Garlic Spread | 150g", "price": "$4.00", "price_calculation": "$26.67 per 1kg", "category": "Bonus Cookware Credits"},
{"title": "Cadbury Old Gold Jamaica Rum N Raisin Dark Chocolate Block | 180g", "price": "$3.85", "price_calculation": "$2.14 per 100g", "category": "Pantry"},
{"title": "Rexona Womens Invisible Shower Fresh Roll On Deodorant  | 50mL", "price": "$4.50", "price_calculation": "$9.00 per 100mL", "category": "Bonus Cookware Credits"},
{"title": "Coles Creamed Corn | 420g", "price": "$1.10", "price_calculation": "$2.62 per 1kg", "category": "Pantry"},
{"title": "U by Kotex Maternity Pads No Wings | 10 pack", "price": "$5.00", "price_calculation": "$0.50 per 1ea", "category": "Bonus Cookware Credits"},
{"title": "Coles Asia Premium Thai Coconut Mil | 400mL", "price": "$2.00", "price_calculation": "$0.50 per 100mL", "category": "Pantry"},
{"title": "Nescafe 98% SF Caramel Coffee Sachets | 10 pack", "price": "$7.60", "price_calculation": "$0.76 per 1ea", "category": "Bonus Cookware Credits"},
{"title": "Pringles Sour Cream & Onion Stacked Potato Chips | 53g", "price": "$2.50", "price_calculation": "$4.72 per 100g", "category": "Pantry"},
{"title": "Nescafe Skim Cappuccino Coffee Sachets | 10 pack", "price": "$7.60", "price_calculation": "$0.76 per 1ea", "category": "Bonus Cookware Credits"},
{"title": "Kewpie Japanese Dressing Roasted Sesame | 210mL", "price": "$4.15", "price_calculation": "$1.98 per 100mL", "category": "Pantry"},
{"title": "Rexona Clinical Protection Antiperspirant Roll On Shower Clean  | 50mL", "price": "$8.00", "price_calculation": "$16.00 per 100mL", "category": "Bonus Cookware Credits"},
{"title": "Coles Durum Wheat Pasta Penne Rigate | 500g", "price": "$1.00", "price_calculation": "$0.20 per 100g", "category": "Pantry"},
{"title": "Air Wick Odour Neutralising Spray Lavender & Lily Of The Valley | 236mL", "price": "$8.00", "price_calculation": "$0.34 per 10mL", "category": "Bonus Cookware Credits"},
{"title": "Sunrice Flavoured Rice Cakes Sour Cream & Chives | 160g", "price": "$2.50", "price_calculation": "$1.56 per 100g", "category": "Pantry"},
{"title": "Dove Antiperspirant Aerosol Peach Lemon Verbena Zero Almnm | 200mL", "price": "$8.50", "price_calculation": "$4.25 per 100mL", "category": "Bonus Cookware Credits"},
{"title": "Maggi Fusian Mi Goreng Hot And Spicy Flavour Noodles 5 Pack | 365g", "price": "$2.75", "price_calculation": "$0.75 per 100g", "category": "Pantry"},
{"title": "Rexona Men Advanced Antiperspirant Deodorant Lemon Crush | 220mL", "price": "$8.50", "price_calculation": "$3.86 per 100mL", "category": "Bonus Cookware Credits"},
{"title": "Arnott's Tiny Teddy Multipack Chocolate 8 Pack | 200g", "price": "$3.50", "price_calculation": "$1.75 per 100g", "category": "Pantry"},
{"title": "Botanica Vanilla & Himalayan Magnolia Reed Diffuser | 80mL", "price": "$10.00", "price_calculation": "$1.25 per 10mL", "category": "Bonus Cookware Credits"},
{"title": "Nutella Hazelnut Spread With Cocoa | 1kg", "price": "$11.00", "price_calculation": "$1.10 per 100g", "category": "Pantry"},
{"title": "I&J Salt & Pepper Squid Stick | 800g", "price": "$10.00", "price_calculation": "$12.50 per 1kg", "category": "Bonus Cookware Credits"},
{"title": "Cadbury Twirl Caramilk Chocolate Bars | 39g", "price": "$1.00", "price_calculation": "$2.56 per 100g", "category": "Pantry"},
{"title": "Magnum Ice Cream Sweet & Salty Almond | 440mL", "price": "$10.50", "price_calculation": "$2.39 per 100mL", "category": "Bonus Cookware Credits"},
{"title": "Indomie Mi Goreng Fried Noodle Cup | 75g", "price": "$1.50", "price_calculation": "$2.00 per 100g", "category": "Pantry"},
{"title": "Coles Finest Tasmanian Goats Cheese | 300g", "price": "$10.70", "price_calculation": "$35.67 per 1kg", "category": "Bonus Cookware Credits"},
{"title": "John West Tempters Chilli Tuna | 95g", "price": "$2.00", "price_calculation": "$21.05 per 1kg", "category": "Pantry"},
{"title": "Rexona Protection Eucalyptus | 180mL", "price": "$11.00", "price_calculation": "$6.11 per 100mL", "category": "Bonus Cookware Credits"},
{"title": "Campbell's Real Stock Vegetable Stock | 1L", "price": "$2.25", "price_calculation": "$0.23 per 100mL", "category": "Pantry"},
{"title": "Bulla Murray Street Ice Cream Caramel Swirl & Shortbread | 1L", "price": "$12.00", "price_calculation": "$1.20 per 100mL", "category": "Bonus Cookware Credits"},
{"title": "Maggi 2 Minute Noodles Chicken Single Cup | 60g", "price": "$2.50", "price_calculation": "$4.17 per 100g", "category": "Pantry"},
{"title": "Rexona Men Clinical Protection Antiperspirant Deodorant Clean Scent | 45mL", "price": "$13.00", "price_calculation": "$28.89 per 100mL", "category": "Bonus Cookware Credits"},
{"title": "Continental Cup A Soup Creamy Chicken with Croutons Serves 2 | 60g", "price": "$2.80", "price_calculation": "$4.67 per 100g", "category": "Pantry"},
{"title": "Dynamo Professional 7 In 1 Discs | 14 pack", "price": "$13.00", "price_calculation": "$0.93 per 1ea", "category": "Bonus Cookware Credits"},
{"title": "Coles Lentils Beans | 420g", "price": "$1.00", "price_calculation": "$2.38 per 1kg", "category": "Pantry"},
{"title": "Rexona Men Clinical Protection Antiperspirant Deodorant Sport | 45mL", "price": "$13.00", "price_calculation": "$28.89 per 100mL", "category": "Bonus Cookware Credits"},
{"title": "Annalisa BPA Free Diced Tomatoes | 400g", "price": "$1.70", "price_calculation": "$4.25 per 1kg", "category": "Pantry"},
{"title": "Air Wick Life Scents Reeds Turquoise Oasis | 30mL", "price": "$14.00", "price_calculation": "$4.67 per 10mL", "category": "Bonus Cookware Credits"},
{"title": "Campbell's Country Ladle Soup Can Chicken & Sweet Corn | 505g", "price": "$2.25", "price_calculation": "$0.45 per 100g", "category": "Pantry"},
{"title": "Air Wick Vanilla & Soft Cashmere Electric Diffuser Air Freshener Refill Twin Pack | 42mL", "price": "$14.00", "price_calculation": "$3.33 per 10mL", "category": "Bonus Cookware Credits"},
{"title": "Campbell's Chunky Soup Can Beef & Veg | 505g", "price": "$2.25", "price_calculation": "$0.45 per 100g", "category": "Pantry"},
{"title": "Optimum Dry Dog Food Dental Care With Chicken | 3kg", "price": "$22.00", "price_calculation": "$0.73 per 100g", "category": "Bonus Cookware Credits"},
{"title": "Cadbury Dairy Milk Chocolate Sharepack | 144g", "price": "$3.50", "price_calculation": null, "category": "Pantry"},
{"title": "Lindt Pralines Nougat | 200g", "price": "$22.00", "price_calculation": "$11.00 per 100g", "category": "Bonus Cookware Credits"},
{"title": "Heinz Beanz Tomato Sauce 3 pack | 300g", "price": "$6.00", "price_calculation": "$6.67 per 1kg", "category": "Pantry"},
{"title": "Coles Finest Red Leicester | approx 150g", "price": "$8.25", "price_calculation": "$55.00 per 1kg", "category": "Bonus Cookware Credits"},
{"title": "La Espanola Extra Virgin Olive Oil Mild Flavour | 1L", "price": "$10.00", "price_calculation": "$1.00 per 100mL", "category": "Pantry"},
{"title": "Optimum Kitten 2-12 Months Chunks In Jelly With Salmon Cat Food Pouch | 85g", "price": "$2.10", "price_calculation": "$2.47 per 100g", "category": "Bonus Cookware Credits"},
{"title": "Grant Burge 5th Gen Barossa Cabernet Merlot 750mL | 1 Each", "price": "$14.00", "price_calculation": "$18.67 per 1L", "category": "Winter Essentials"},
{"title": "Jameson Irish Whiskey 700mL | 1 Each", "price": "$63.00", "price_calculation": "$90.00 per 1L", "category": "Winter Essentials"},
{"title": "Heinz Big Red Tomato Soup Can Salt Reduced | 420g", "price": "$2.00", "price_calculation": "$0.48 per 100g", "category": "Winter Essentials"},
{"title": "Kleenex Allergy Comfort 3 Ply Facial Tissues | 85 pack", "price": "$2.60", "price_calculation": "$3.06 per 100ea", "category": "Winter Essentials"},
{"title": "Continental Cup A Soup Tomato Soup Serves 4 | 80g", "price": "$3.00", "price_calculation": "$3.75 per 100g", "category": "Winter Essentials"},
{"title": "Coles Kitchen Tomato & Basil Soup | 300g", "price": "$3.00", "price_calculation": "$1.00 per 100g", "category": "Winter Essentials"},
{"title": "Uncle Tobys Oats Quick Sachets Creamy Vanilla | 350g", "price": "$6.30", "price_calculation": "$1.80 per 100g", "category": "Winter Essentials"},
{"title": "Coles Kitchen Broccoli Cauliflower & Parmesan Soup | 300g", "price": "$3.00", "price_calculation": "$1.00 per 100g", "category": "Winter Essentials"},
{"title": "Jordans Crispy Oat Clusters Strawberry | 500g", "price": "$4.25", "price_calculation": "$0.85 per 100g", "category": "Winter Essentials"},
{"title": "Nescafe Cappuccino Coffee Sachets | 10 pack", "price": "$7.60", "price_calculation": "$0.76 per 1ea", "category": "Winter Essentials"},
{"title": "Coles Urban Coffee Culture Strong Beans | 1kg", "price": "$12.00", "price_calculation": "$1.20 per 100g", "category": "Winter Essentials"},
{"title": "Coles Lamb Shoulder Roast On The Bone | approx 2.2kg", "price": "$30.80", "price_calculation": "$14.00 per 1kg", "category": "Winter Essentials"},
{"title": "Vittoria Mountain Grown Coffee Beans | 1kg", "price": "$22.00", "price_calculation": "$2.20 per 100g", "category": "Winter Essentials"},
{"title": "Pablo & Pedro Tempranillo 750mL | 1 Each", "price": "$8.00", "price_calculation": "$10.67 per 1L", "category": "Winter Essentials"},
{"title": "St Huberts The Stag Pinot Noir 750mL | 1 Each", "price": "$15.00", "price_calculation": "$20.00 per 1L", "category": "Winter Essentials"},
{"title": "Coles Mini Marshmallows Pink & White | 100g", "price": "$2.00", "price_calculation": "$2.00 per 100g", "category": "Winter Essentials"},
{"title": "Coles Kitchen Chicken & Vegetable Soup | 300g", "price": null, "price_calculation": null, "category": "Winter Essentials"},
{"title": "Vicks Vapodrop Butter Menthol Lozenges | 42 pack", "price": "$5.35", "price_calculation": "$0.13 per 1ea", "category": "Winter Essentials"},
{"title": "Uncle Tobys Original Oats Quick Sachets 10 pack | 340g", "price": "$6.30", "price_calculation": "$1.85 per 100g", "category": "Winter Essentials"},
{"title": "Nurofen Zavance Fast Pain Relief Caplets 256mg Ibuprofen | 24 pack", "price": "$7.50", "price_calculation": "$0.31 per 1ea", "category": "Winter Essentials"},
{"title": "Hardys Tintara Mclaren Vale Cabernet Sauvignon 750mL | 1 Each", "price": "$30.00", "price_calculation": "$40.00 per 1L", "category": "Winter Essentials"},
{"title": "Chivas Regal 12YO Scotch Whisky 700mL | 1 Each", "price": "$63.00", "price_calculation": "$90.00 per 1L", "category": "Winter Essentials"},
{"title": "Captain Morgan Spiced Rum 1L | 1 Each", "price": "$62.00", "price_calculation": "$62.00 per 1L", "category": "Winter Essentials"},
{"title": "Campbell's Chunky Soup Can Irish Stew Style | 505g", "price": "$2.25", "price_calculation": "$0.45 per 100g", "category": "Winter Essentials"},
{"title": "Quilton 3 Ply Tissues Cooling Vitamin E | 95 pack", "price": "$2.80", "price_calculation": "$2.95 per 100ea", "category": "Winter Essentials"},
{"title": "Coles Kitchen Pea & Ham Soup | 300g", "price": "$3.00", "price_calculation": "$1.00 per 100g", "category": "Winter Essentials"},
{"title": "Coles Kitchen Chicken Laksa Soup | 300g", "price": "$3.00", "price_calculation": "$1.00 per 100g", "category": "Winter Essentials"},
{"title": "Vegeta Gluten Free Real Gourmet Stock Powder Canned | 250g", "price": "$4.50", "price_calculation": "$1.80 per 100g", "category": "Winter Essentials"},
{"title": "Dari's Beef & Barley Soup | 550g", "price": "$5.50", "price_calculation": "$1.00 per 100g", "category": "Winter Essentials"},
{"title": "Uncle Tobys Oats Quick Sachets Creamy Honey | 350g", "price": "$6.30", "price_calculation": "$1.80 per 100g", "category": "Winter Essentials"},
{"title": "Lotus Biscoff Spread | 400g", "price": "$7.50", "price_calculation": "$1.88 per 100g", "category": "Winter Essentials"},
{"title": "Codral Cold & Flu Tablets | 20 pack", "price": "$12.80", "price_calculation": "$0.64 per 1ea", "category": "Winter Essentials"},
{"title": "Moccona Classic Medium Roast Instant Coffee | 200g", "price": "$16.00", "price_calculation": "$8.00 per 100g", "category": "Winter Essentials"},
{"title": "Coldstream Hills The Hills Pinot Noir 750mL | 1 Each", "price": "$20.00", "price_calculation": "$26.67 per 1L", "category": "Winter Essentials"},
{"title": "Continental Chicken Stock Pot | 112g", "price": "$2.25", "price_calculation": "$2.01 per 100g", "category": "Winter Essentials"},
{"title": "Coles Happy Gut English Muffins | 6 Pack", "price": "$2.45", "price_calculation": "$0.41 per 1ea", "category": "Winter Essentials"},
{"title": "Coles Foaming Hand Wash Lime & Mint Antibacterial | 250mL", "price": "$2.60", "price_calculation": "$1.04 per 100mL", "category": "Winter Essentials"},
{"title": "Golden Fluffy & Delicious Waffles 5 pack | 275g", "price": "$4.50", "price_calculation": "$1.64 per 100g", "category": "Winter Essentials"},
{"title": "Queen Victoria English Breakfast Tea Bags | 100 pack", "price": "$5.50", "price_calculation": "$0.06 per 1ea", "category": "Winter Essentials"},
{"title": "Coles Pure Australian Honey Squeeze | 375g", "price": "$5.50", "price_calculation": "$1.47 per 100g", "category": "Winter Essentials"},
{"title": "Uncle Tobys Oats Quick Sachets Breakfast Cereal Creamy Honey | 700g", "price": "$9.50", "price_calculation": "$1.36 per 100g", "category": "Winter Essentials"},
{"title": "Green's Pancake Shake Mix Maple Syrup | 325g", "price": "$2.10", "price_calculation": "$0.65 per 100g", "category": "Winter Essentials"},
{"title": "Wellness Road Almond Spread | 250g", "price": "$5.70", "price_calculation": "$2.28 per 100g", "category": "Winter Essentials"},
{"title": "Woodstock 4.8% Bourbon & Cola Can 375mL | 6 Pack", "price": "$31.00", "price_calculation": "$1.38 per 100mL", "category": "Winter Essentials"},
{"title": "Sanitarium Natural Smooth Peanut Butter Spread | 375g", "price": "$3.50", "price_calculation": "$0.93 per 100g", "category": "Winter Essentials"},
{"title": "Airwick Essential Oil Air Freshener Electric Refill Vanilla & Soft Cashmere Triple 21mL | 3 pack", "price": "$18.00", "price_calculation": "$2.86 per 10mL", "category": "Bonus Cookware Credits"},
{"title": "Optimum Grainfree Dry Cat Food Adult Chicken | 1.8kg", "price": "$19.00", "price_calculation": "$1.06 per 100g", "category": "Bonus Cookware Credits"},
{"title": "Bref Power Active Ocean Breeze Twin Pack | 100g", "price": "$11.00", "price_calculation": "$11.00 per 100g", "category": "Bonus Cookware Credits"},
{"title": "Vanish Napisan Crystal White Oxi Action Pre Treat In Wash & Powder Laundry Soak | 2kg", "price": "$19.00", "price_calculation": "$9.50 per 1kg", "category": "Bonus Cookware Credits"},
{"title": "Bref Blue Active In Bowl Eucalyptus Twin Pack | 100g", "price": "$11.00", "price_calculation": null, "category": "Bonus Cookware Credits"},
{"title": "Coles Finest Australian Organic Washed Rind | approx 500g ", "price": "$39.00", "price_calculation": "$78.00 per 1kg", "category": "Bonus Cookware Credits"},
{"title": "Bref Deluxe Moonflower Twin Pack | 100g", "price": "$11.00", "price_calculation": "$11.00 per 100g", "category": "Bonus Cookware Credits"},
{"title": "Continental Sensation Sweet Potato Pumpkin & Caramelised Onion Soup Serves 2 | 63g", "price": "$1.75", "price_calculation": "$2.78 per 100g", "category": "Bonus Cookware Credits"},
{"title": "Nescafe Flat White Coffee Sachets | 26 pack", "price": "$11.00", "price_calculation": "$0.42 per 1ea", "category": "Bonus Cookware Credits"},
{"title": "Uncle Tobys Quick Oats Cups Creamy Honey | 50g", "price": "$2.00", "price_calculation": "$4.00 per 100g", "category": "Bonus Cookware Credits"},
{"title": "Rexona Women Clinical Protection Antiperspirant Deodorant Sheer Powder | 45mL", "price": "$13.00", "price_calculation": "$28.89 per 100mL", "category": "Bonus Cookware Credits"},
{"title": "Coles Finest Fig & Walnut Pepperberry Paste | 100g", "price": "$3.15", "price_calculation": "$3.15 per 100g", "category": "Bonus Cookware Credits"},
{"title": "Rexona Women Clinical Protection Antiperspirant Deodorant Stress Control | 45mL", "price": "$13.00", "price_calculation": "$28.89 per 100mL", "category": "Bonus Cookware Credits"},
{"title": "Maggi Stir Fry Creations Honey Soy & Garlic Chicken | 150g", "price": "$3.50", "price_calculation": "$2.33 per 100g", "category": "Bonus Cookware Credits"},
{"title": "Optimum Kitten Healthy Development Chunks In Jelly Salmon Cat Food 12x85g | 12 pack", "price": "$13.00", "price_calculation": "$1.27 per 100g", "category": "Bonus Cookware Credits"},
{"title": "Maggi Stir Fry Creations Teriyaki & Sesame Chicken | 150g", "price": "$3.50", "price_calculation": "$2.33 per 100g", "category": "Bonus Cookware Credits"},
{"title": "Colgate Peroxyl Oral Cleanser Mouthwash | 236mL", "price": "$13.00", "price_calculation": "$5.51 per 100mL", "category": "Bonus Cookware Credits"},
{"title": "Maggi Stir Fry Creations Chinese Five Spice & Soy Beef | 150g", "price": "$3.50", "price_calculation": "$2.33 per 100g", "category": "Bonus Cookware Credits"},
{"title": "Rexona Men Clinical Protection Antiperspirant Deodorant Active Fresh | 45mL", "price": "$13.00", "price_calculation": "$28.89 per 100mL", "category": "Bonus Cookware Credits"},
{"title": "Heinz Beanz Salt Reduced | 555g", "price": "$3.50", "price_calculation": "$6.31 per 1kg", "category": "Bonus Cookware Credits"},
{"title": "Colgate Neutrafluor Mouthwash Alcohol Free | 473mL", "price": "$14.00", "price_calculation": "$2.96 per 100mL", "category": "Bonus Cookware Credits"},
{"title": "Glad To Be Green Sandwich Snaplock Plant Based Bags | 40 pack", "price": "$3.50", "price_calculation": "$0.09 per 1ea", "category": "Bonus Cookware Credits"},
{"title": "Colgate Optic White Pro Series Teeth Whitening Toothpaste Enamel Safe With 5% Hydrogen Peroxide | 80g", "price": "$20.00", "price_calculation": "$25.00 per 100g", "category": "Bonus Cookware Credits"},
{"title": "Air Wick Pure Air Freshener Spray Cherry Blossom | 159g", "price": "$4.00", "price_calculation": "$2.52 per 100g", "category": "Bonus Cookware Credits"},
{"title": "Sensodyne Repair & Protect + Whitening Toothpaste Twin Pack | 2 pack", "price": "$21.00", "price_calculation": "$10.50 per 1ea", "category": "Bonus Cookware Credits"},
{"title": "Uncle Tobys Goodness Bowl Wholegrain Flakes Apple Raspberry And Coconut | 550g", "price": "$4.55", "price_calculation": "$0.83 per 100g", "category": "Bonus Cookware Credits"},
{"title": "Optimum Chicken & Rice Dog Food Trays 100g | 24 pack", "price": "$28.50", "price_calculation": "$1.19 per 100g", "category": "Bonus Cookware Credits"},
{"title": "Maggi Original Liquid Seasoning | 200mL", "price": "$5.00", "price_calculation": "$50.00 per 10mL", "category": "Bonus Cookware Credits"},
{"title": "Finish Ultimate All In One Lemon | 50 pack", "price": "$33.00", "price_calculation": "$0.66 per 1ea", "category": "Bonus Cookware Credits"},
{"title": "Uncle Tobys Goodness Bowl Low Sugar Muesli Berries & Coconut | 650g", "price": "$5.00", "price_calculation": "$0.77 per 100g", "category": "Bonus Cookware Credits"},
{"title": "Finish 0% Ultimate Pro Dishwashing Tablets | 34 pack", "price": "$48.00", "price_calculation": "$1.41 per 1ea", "category": "Bonus Cookware Credits"},
{"title": "Bulla Creamy Classic Chocolate Hazlenut Stick | 360mL", "price": "$5.20", "price_calculation": null, "category": "Bonus Cookware Credits"},
{"title": "Optimum Puppy Chicken Wet Dog Food Tray | 100g", "price": "$1.80", "price_calculation": "$1.80 per 100g", "category": "Bonus Cookware Credits"},
{"title": "Dove Men+Care Shampoo Anti Dandruff | 300mL", "price": "$5.50", "price_calculation": "$1.83 per 100mL", "category": "Bonus Cookware Credits"},
{"title": "Continental Four Cheeses Pasta & Sauce Serves 3 | 100g", "price": "$2.80", "price_calculation": "$2.80 per 100g", "category": "Bonus Cookware Credits"},
{"title": "Rexona Men Sport Defence Antiperspirant Roll On Deodorant | 52g", "price": "$5.50", "price_calculation": "$10.58 per 100g", "category": "Bonus Cookware Credits"},
{"title": "Coles Finest Artisan Beetroot Crispbread | 130g", "price": "$3.20", "price_calculation": "$2.46 per 100g", "category": "Bonus Cookware Credits"},
{"title": "Coles Finest Filled Pasta Pumpkin | 350g", "price": "$6.00", "price_calculation": "$1.71 per 100g", "category": "Bonus Cookware Credits"},
{"title": "Maggi Stir Fry Creations Sweet Chilli Ginger & Lemongrass Chicken | 150g", "price": "$3.50", "price_calculation": "$2.33 per 100g", "category": "Bonus Cookware Credits"},
{"title": "Colgate 2 in 1 Liquid Gel Whitening Toothpaste & Mouthwash | 130g", "price": "$6.50", "price_calculation": "$5.00 per 100g", "category": "Bonus Cookware Credits"},
{"title": "Heinz Beanz Ham Sauce | 555g", "price": "$3.50", "price_calculation": "$6.31 per 1kg", "category": "Bonus Cookware Credits"},
{"title": "Uncle Tobys Shredded Wheat Cereal | 270g", "price": "$6.50", "price_calculation": "$2.41 per 100g", "category": "Bonus Cookware Credits"},
{"title": "Glad To Be Green Snack Snaplock Plant Based Bags | 50 pack", "price": "$3.50", "price_calculation": "$7.00 per 100ea", "category": "Bonus Cookware Credits"},
{"title": "Nescafe 98% SF Latte Coffee Sachets | 10 pack", "price": "$7.60", "price_calculation": "$0.76 per 1ea", "category": "Bonus Cookware Credits"},
{"title": "Colgate Plax Kids Mouthwash | 250mL", "price": "$4.00", "price_calculation": "$1.60 per 100mL", "category": "Bonus Cookware Credits"},
{"title": "Nescafe 98% SF Mocha Coffee Sachets | 10 pack", "price": "$7.60", "price_calculation": "$0.76 per 1ea", "category": "Bonus Cookware Credits"},
{"title": "Air Wick Pure Spring Delight Air Freshener | 159g", "price": "$4.00", "price_calculation": "$2.52 per 100g", "category": "Bonus Cookware Credits"},
{"title": "U by Kotex Tampons Regular | 32 pack", "price": "$8.00", "price_calculation": "$0.25 per 1ea", "category": "Bonus Cookware Credits"},
{"title": "Air Wick Soft Cotton Air Freshener Spray | 159g", "price": "$4.00", "price_calculation": "$2.52 per 100g", "category": "Bonus Cookware Credits"},
{"title": "Rexona Women Antiperspirant Aerosol Advanced Invisible Dry Pure Deodorant | 220mL", "price": "$8.50", "price_calculation": "$3.86 per 100mL", "category": "Bonus Cookware Credits"},
{"title": "Air Wick Air Freshener Spray Sparkling Citrus | 237g", "price": "$4.50", "price_calculation": "$1.90 per 100g", "category": "Bonus Cookware Credits"},
{"title": "Rexona Men Antiperspirant Aerosol Advanced Extra Cool Deodorant | 220mL", "price": "$8.50", "price_calculation": "$3.86 per 100mL", "category": "Bonus Cookware Credits"},
{"title": "Colgate Plax Mouthwash Bamboo Charcoal Mint | 250mL", "price": "$4.50", "price_calculation": "$1.80 per 100mL", "category": "Bonus Cookware Credits"},
{"title": "Rexona Advanced Watermelon | 220mL", "price": "$8.50", "price_calculation": "$3.86 per 100mL", "category": "Bonus Cookware Credits"},
{"title": "Coles Finest Traditional Lavosh With Lemon Myrtle And Cracked Pepper | 100g", "price": "$5.00", "price_calculation": "$5.00 per 100g", "category": "Bonus Cookware Credits"},
{"title": "Rexona Antiperspirant Coconut | 220mL", "price": "$8.50", "price_calculation": "$3.86 per 100mL", "category": "Bonus Cookware Credits"},
{"title": "Uncle Tobys Goodness Bowl Low Sugar Muesli Almonds & Cashews | 650g", "price": "$5.00", "price_calculation": "$0.77 per 100g", "category": "Bonus Cookware Credits"},
{"title": "Colgate Optic White Expert Express Teeth Whitening Toothpaste With 2% Hydrogen Peroxide | 85g", "price": "$9.60", "price_calculation": "$11.29 per 100g", "category": "Bonus Cookware Credits"},
{"title": "Vanish Preen Power Gel Pre-Wash Stain Remover | 200mL", "price": "$5.60", "price_calculation": "$28.00 per 1L", "category": "Bonus Cookware Credits"},
{"title": "Sensodyne Pronamel Enamel Gentle Whitening Toothpaste | 110g", "price": "$9.70", "price_calculation": "$8.82 per 100g", "category": "Bonus Cookware Credits"},
{"title": "Rexona Anti Persp Deodorant Cotton | 250mL", "price": "$6.00", "price_calculation": "$2.40 per 100mL", "category": "Bonus Cookware Credits"},
{"title": "Sensodyne Coolmint Mouthwash | 500mL", "price": "$9.90", "price_calculation": "$1.98 per 100mL", "category": "Bonus Cookware Credits"},
{"title": "Colgate Interdental Brush Soft | 40 pack", "price": "$6.00", "price_calculation": "$0.15 per 1ea", "category": "Bonus Cookware Credits"},
{"title": "Botanica Caribbean Vetiver & Sandalwood Reed Diffuser | 80mL", "price": "$10.00", "price_calculation": "$1.25 per 10mL", "category": "Bonus Cookware Credits"},
{"title": "Colgate Max White Medium Manual Toothbrush | 3 pack", "price": "$8.00", "price_calculation": "$2.67 per 1ea", "category": "Bonus Cookware Credits"},
{"title": "Bulla Murray Street Daintree Honey Swirl | 400mL", "price": "$10.00", "price_calculation": "$2.50 per 100mL", "category": "Bonus Cookware Credits"},
{"title": "Optimum With Chicken Rice Vegetables | 6 pack", "price": "$8.00", "price_calculation": "$1.33 per 100g", "category": "Bonus Cookware Credits"},
{"title": "Colgate Total Toothpaste Plaque Release & Gum Reviving Cool Mint | 95g", "price": "$10.00", "price_calculation": "$10.53 per 100g", "category": "Bonus Cookware Credits"},
{"title": "Magnum Ice Cream Tahiti Passionfruit White Choc 4 Pack | 360mL", "price": "$8.00", "price_calculation": "$2.22 per 100mL", "category": "Bonus Cookware Credits"},
{"title": "Colgate Optic White Expert Express Teeth Whitening Toothpaste With 2% Hydrogen Peroxide | 125g", "price": "$10.50", "price_calculation": "$8.40 per 100g", "category": "Bonus Cookware Credits"},
{"title": "Airwick Odour Neutralising Spray Raspberry & Lime | 236mL", "price": "$8.00", "price_calculation": "$0.34 per 10mL", "category": "Bonus Cookware Credits"},
{"title": "Magnum Ice Cream Luxe Salted Caramel Tub | 440mL", "price": "$10.50", "price_calculation": "$2.39 per 100mL", "category": "Bonus Cookware Credits"},
{"title": "Rexona Men Antiperspirant Aerosol Advanced Turbo Deodorant | 220mL", "price": "$8.50", "price_calculation": "$3.86 per 100mL", "category": "Bonus Cookware Credits"},
{"title": "Nescafe Green Blend Instant Coffee | 100g", "price": "$10.50", "price_calculation": "$10.50 per 100g", "category": "Bonus Cookware Credits"},
{"title": "I&J Frozen Tasty Calamari Salt & Pepper Lightly Crumbed Rings | 360g", "price": "$9.00", "price_calculation": "$25.00 per 1kg", "category": "Bonus Cookware Credits"},
{"title": "Rexona Clinical Protection Summer Strength | 180mL", "price": "$11.00", "price_calculation": "$6.11 per 100mL", "category": "Bonus Cookware Credits"},
{"title": "Colgate Bamboo Toothbrush Medium | 2 pack", "price": "$10.00", "price_calculation": "$5.00 per 1ea", "category": "Bonus Cookware Credits"},
{"title": "Magnum Ice Cream Luxe Gold Caramelised Chocolate Tub | 440mL", "price": "$10.50", "price_calculation": "$2.39 per 100mL", "category": "Bonus Cookware Credits"},
{"title": "Dove Antiperspirant Aerosol Clinical Pomegran | 180mL", "price": "$11.00", "price_calculation": "$6.11 per 100mL", "category": "Bonus Cookware Credits"},
{"title": "Nescafe 98% Sugar Free Mocha Sachets 14g | 26 pack", "price": "$11.00", "price_calculation": "$3.67 per 1ea", "category": "Bonus Cookware Credits"},
{"title": "Bref Power Active Tropical Escapes Hawaii 2x50g | 100g", "price": "$11.00", "price_calculation": "$11.00 per 100g", "category": "Bonus Cookware Credits"},
{"title": "Colgate Kids Sonic Battery Toothbrush | 1 each", "price": "$12.00", "price_calculation": "$12.00 per 1ea", "category": "Bonus Cookware Credits"},
{"title": "Naturel Promise Fresh Dental Total Care Kit For Dogs | 1 pack", "price": "$30.00", "price_calculation": "$30.00 per 1ea", "category": "Pet"},
{"title": "Purina One Adult Healthy With Salmon & Tuna Dry Cat Food | 3kg", "price": "$35.00", "price_calculation": "$1.17 per 100g", "category": "Pet"},
{"title": "Elanco Comfortis Plus Fleas Heartwormer & Worms Large Dog Treatment | 1 pack", "price": "$40.00", "price_calculation": "$40.00 per 1ea", "category": "Pet"},
{"title": "Elanco Comfortis Plus Fleas Heartworm & Worms Medium Dog Treatment | 1 Pack", "price": "$40.00", "price_calculation": "$40.00 per 1ea", "category": "Pet"},
{"title": "Pet Treat Bar Pork Femur | approx 100g", "price": "$6.00", "price_calculation": "$60.00 per 1kg", "category": "Pet"},
{"title": "Optimum Dry Dog Food Chicken Vegetables & Rice | 15kg", "price": "$91.50", "price_calculation": "$0.61 per 100g", "category": "Pet"},
{"title": "My Dog Adut Wet Dog Food Chicken Fillets In Gravy Tray | 100g", "price": "$1.70", "price_calculation": "$1.70 per 100g", "category": "Pet"},
{"title": "Woofin Good Chunks In Gravy Lamb Rice & Veg Dog Food | 400g", "price": "$2.00", "price_calculation": "$0.50 per 100g", "category": "Pet"},
{"title": "Whistler Tropical Fruit Lorikeet Bar | 100g", "price": "$3.50", "price_calculation": "$3.50 per 100g", "category": "Pet"},
{"title": "Coles Dog Collar With Steel O Ring & Safety Clip Small | 1 pack", "price": "$5.00", "price_calculation": "$5.00 per 1ea", "category": "Pet"},
{"title": "Premi-Yum Free Range Chicken Mince For Cats Cat Food 5X90g | 5 pack", "price": "$5.50", "price_calculation": "$1.22 per 100g", "category": "Pet"},
{"title": "Meat Mates Feline Freeze Grain Free Dried Beef Cat Treat | 50g", "price": "$6.00", "price_calculation": "$12.00 per 100g", "category": "Pet"},
{"title": "Nood Dog Treats Chicken Jerky | 70g", "price": "$7.00", "price_calculation": "$10.00 per 100g", "category": "Pet"},
{"title": "Vitapet Fish Water Ager | 125mL", "price": "$7.00", "price_calculation": "$7.00 per 1ea", "category": "Pet"},
{"title": "Bow Wow \"Bully Sticks 8\" Dog Treat\" | 1 pack", "price": "$7.90", "price_calculation": "$7.90 per 1ea", "category": "Pet"},
{"title": "Trill Lorikeet Complete Meal Mix | 500g", "price": "$8.00", "price_calculation": "$1.60 per 100g", "category": "Pet"},
{"title": "Fussy Cat Grain Free Twice as Tasty Adult Wet Cat Food Bites & Fish Gravy 12x80gm | 12 pack", "price": "$9.45", "price_calculation": "$0.98 per 100g", "category": "Pet"},
{"title": "Lux & Bones Ball Flinger + Tennis Ball Dog Toy | 1 pack", "price": "$10.00", "price_calculation": "$10.00 per 1ea", "category": "Pet"},
{"title": "Petstages Night Time Cuddle Cat Toy | 1 pack", "price": "$10.00", "price_calculation": "$10.00 per 1ea", "category": "Pet"},
{"title": "Lux & Bones Bush Magic Odour Neutralising Anti-Bacterial Dog Shampoo | 350mL", "price": "$10.50", "price_calculation": "$30.00 per 1L", "category": "Pet"},
{"title": "Elevate Puppy Multi Care Dog Treat | 300g", "price": "$10.50", "price_calculation": "$3.50 per 100g", "category": "Pet"},
{"title": "Nerf Dog 3.7inch Tpr 3-part Spike Squeak Ball Dog Toy | 1 pack", "price": "$11.00", "price_calculation": "$11.00 per 1ea", "category": "Pet"},
{"title": "Rufus & Coco Laser Mouse Cat Toy | 1 pack", "price": "$11.00", "price_calculation": "$11.00 per 1ea", "category": "Pet"},
{"title": "Purina Total Care Tasty All Wormer Small Dog Or Puppies Treatment | 1 pack", "price": "$11.20", "price_calculation": "$11.20 per 1ea", "category": "Pet"},
{"title": "Elevate Dry Cat Food Hairball Chicken | 800g", "price": "$11.20", "price_calculation": "$1.40 per 100g", "category": "Pet"},
{"title": "Purina Total Care Pom Pom Dangler Cat Toy | 1 pack", "price": "$11.90", "price_calculation": "$11.90 per 1ea", "category": "Pet"},
{"title": "Purina Total Care Shiny Tail Dangler Cat Toy | 1 pack", "price": "$11.90", "price_calculation": "$11.90 per 1ea", "category": "Pet"},
{"title": "Coles Stainless Steel Bowl Non Skip Large | 1 pack", "price": "$12.00", "price_calculation": "$12.00 per 1ea", "category": "Pet"},
{"title": "Hasbro 5 In S Play-Doh Squeak And Crinkle Single Can Tug Dog Toy | 1 pack", "price": "$12.00", "price_calculation": "$12.00 per 1ea", "category": "Pet"},
{"title": "Lickimat Classic Playdate Dog Toy | 1 pack", "price": "$12.00", "price_calculation": "$12.00 per 1ea", "category": "Pet"},
{"title": "Lux & Bones Compostible Pee Pads Dog | 7 pack", "price": "$12.00", "price_calculation": "$1.71 per 1ea", "category": "Pet"},
{"title": "Raw Boost Meal Topper Joint & Mobility Health Dog Food | 60g", "price": "$12.00", "price_calculation": "$20.00 per 100g", "category": "Pet"},
{"title": "Purina Total Care Wind Me Up Mouse Cat Toy | 1 pack", "price": "$13.00", "price_calculation": "$13.00 per 1ea", "category": "Pet"},
{"title": "Bx Earth Dog 2 In 1 Goatsmilk Manuka & Oatmeal All Natural Conditioning Shampoo | 500mL", "price": "$14.00", "price_calculation": "$28.00 per 1L", "category": "Pet"},
{"title": "BX Earth Dog Gentle Puppy Coconut Oatmeal & Aloe Vera All Natural Shampoo | 500mL", "price": "$14.00", "price_calculation": "$28.00 per 1L", "category": "Pet"},
{"title": "Lux And Bones Arthouse Collection Printed Collar Small | 1 pack", "price": "$14.00", "price_calculation": "$14.00 per 1ea", "category": "Pet"},
{"title": "Nood Wet Cat Food Grass Fed Beef & Lamb Recipe In Gravy 12x80g | 12 pack", "price": "$14.50", "price_calculation": "$1.51 per 100g", "category": "Pet"},
{"title": "Nood Wild Caught Tuna Recipe In Gravy Cat Food 80g | 12 pack", "price": "$14.50", "price_calculation": "$1.51 per 100g", "category": "Pet"},
{"title": "Nerf \"Dog 2.5\" Squeak Tennis Ball Dog Toy\" | 4 pack", "price": "$15.00", "price_calculation": "$3.75 per 1ea", "category": "Pet"},
{"title": "The Pet Cartel Play N Chirp Bird Cat Toy | 1 pack", "price": "$15.00", "price_calculation": "$15.00 per 1ea", "category": "Pet"},
{"title": "Nerf Dog 3.8Inch TPR Ball Dog Toy | 1 pack", "price": "$15.00", "price_calculation": "$15.00 per 1ea", "category": "Pet"},
{"title": "Lux & Bones Bamboo Dog Bowl | 1 pack", "price": "$15.00", "price_calculation": "$15.00 per 1ea", "category": "Pet"},
{"title": "Rufus & Coco Ear & Wound Care | 150mL", "price": "$15.50", "price_calculation": "$103.34 per 1L", "category": "Pet"},
{"title": "Nood Cage Free Chicken Recipe With Garden Vegetables Dog Food 12x100g | 12 pack", "price": "$15.50", "price_calculation": "$1.29 per 100g", "category": "Pet"},
{"title": "Farmers Market Adult Dry Dog Food Chicken With Farm Vegetables | 2.7 kg", "price": "$16.00", "price_calculation": "$0.59 per 100g", "category": "Pet"},
{"title": "Lux And Bones Arthouse Collection Printed Collar Large | 1 pack", "price": "$16.00", "price_calculation": "$16.00 per 1ea", "category": "Pet"},
{"title": "Purina Total Care Deodorising Shampoo | 350mL", "price": "$16.00", "price_calculation": "$45.72 per 1L", "category": "Pet"},
{"title": "Sapporo Bottles 355mL | 24 pack", "price": "$57.00", "price_calculation": "$0.67 per 100mL", "category": "Winter Essentials"},
{"title": "Mayfair London Dry Gin 700mL | 1 Each", "price": "$59.00", "price_calculation": "$84.29 per 1L", "category": "Winter Essentials"},
{"title": "Pensilva Sangiovese 750mL | 1 Each", "price": "$20.00", "price_calculation": "$26.67 per 1L", "category": "Winter Essentials"},
{"title": "Smithy's Bitter Can 375mL | 24 Pack", "price": "$43.00", "price_calculation": "$4.78 per 1L", "category": "Winter Essentials"},
{"title": "Four Pillars Bloody Shiraz Gin 700mL | 1 Each", "price": "$78.00", "price_calculation": "$111.43 per 1L", "category": "Winter Essentials"},
{"title": "Gravox Supreme Roast Meat Gravy Mix  | 29g", "price": "$1.30", "price_calculation": "$0.45 per 10g", "category": "Winter Essentials"},
{"title": "Coles Perform Thai Chicken Noodle Soup | 400g", "price": "$5.00", "price_calculation": "$1.25 per 100g", "category": "Winter Essentials"},
{"title": "Gravox Gravy Pepper | 140g", "price": "$5.00", "price_calculation": "$0.36 per 10g", "category": "Winter Essentials"},
{"title": "Gravox Traditional Gravy Mix | 425g", "price": "$6.30", "price_calculation": "$1.48 per 100g", "category": "Winter Essentials"},
{"title": "Cook & Dine Whisk | 1 each", "price": "$6.50", "price_calculation": "$6.50 per 1ea", "category": "Winter Essentials"},
{"title": "Madura Premium Blend Tea Bags 100 pack | 200g", "price": "$7.20", "price_calculation": "$0.07 per 1ea", "category": "Winter Essentials"},
{"title": "Cook & Dine Mini Frypan | 1 each", "price": "$8.00", "price_calculation": "$8.00 per 1ea", "category": "Winter Essentials"},
{"title": "Coles Cough Cold & Flu Day & Night Capsules | 24 pack", "price": "$10.00", "price_calculation": "$0.42 per 1ea", "category": "Winter Essentials"},
{"title": "Voost Vitamin C 1000mg 40 Blood Orange Effervescent Tablets | 2 pack", "price": "$14.00", "price_calculation": "$7.00 per 1ea", "category": "Winter Essentials"},
{"title": "Moon Dog Fizzer Seltzer 6% Can 330mL | 10 Pack", "price": "$39.00", "price_calculation": "$11.82 per 1L", "category": "Winter Essentials"},
{"title": "Gravox Traditional Salt Reduced Gravy Mix Tin | 120g", "price": "$5.00", "price_calculation": "$4.17 per 100g", "category": "Winter Essentials"},
{"title": "Noshu 99% Sugar Free Low Carb Pancake Shake | 240g", "price": "$6.40", "price_calculation": "$2.67 per 100g", "category": "Winter Essentials"},
{"title": "Cook & Dine Large Oven Tray | 1 each", "price": "$8.00", "price_calculation": "$8.00 per 1ea", "category": "Winter Essentials"},
{"title": "Cook & Dine Square Cake Tin 24cm | 1 each", "price": "$8.00", "price_calculation": "$8.00 per 1ea", "category": "Winter Essentials"},
{"title": "Cook & Dine Springform Cake Tin | 1 each", "price": "$9.00", "price_calculation": "$9.00 per 1ea", "category": "Winter Essentials"},
{"title": "Centrum Advance Multivitamin Tablets | 60 pack", "price": "$9.50", "price_calculation": "$15.83 per 100ea", "category": "Winter Essentials"},
{"title": "Cenovis Mega Vitamin C 1000mg Tablets For Immunity | 100 pack", "price": "$9.93", "price_calculation": "$0.10 per 1ea", "category": "Winter Essentials"},
{"title": "Coles Cold & Flu Pain Relief + Pe Decongesrant Capsules | 20 pack", "price": "$10.00", "price_calculation": "$0.50 per 1ea", "category": "Winter Essentials"},
{"title": "Vicks 2 In1 Relief Cough Syrup | 200mL", "price": "$11.20", "price_calculation": "$5.60 per 100mL", "category": "Winter Essentials"},
{"title": "Ease A Cold Cold & Congestion Day & Night Capsules | 30 pack", "price": "$14.50", "price_calculation": "$0.48 per 1ea", "category": "Winter Essentials"},
{"title": "Caltrate Bone & Muscle Calcium With Vitamin D3 60 Health Tablets | 1 pack", "price": "$14.50", "price_calculation": "$14.50 per 1ea", "category": "Winter Essentials"},
{"title": "Duro-tuss Relief Dry Cough Liquid | 200mL", "price": "$16.50", "price_calculation": "$8.25 per 100mL", "category": "Winter Essentials"},
{"title": "Pure Origin Tasmanian Gin 700mL | 1 Each", "price": "$60.00", "price_calculation": "$85.72 per 1L", "category": "Winter Essentials"},
{"title": "Ned Australian Whisky & Cola Can 375mL | 10 Pack", "price": "$52.00", "price_calculation": "$13.87 per 1L", "category": "Winter Essentials"},
{"title": "Canadian Club & Zero Sugar Dry Can 375mL | 24 Pack", "price": "$90.00", "price_calculation": "$10.00 per 1L", "category": "Winter Essentials"},
{"title": "Coles Pancake & Pikelet Mix | 300g", "price": "$1.20", "price_calculation": "$0.40 per 100g", "category": "Winter Essentials"},
{"title": "Coles Kent Pumpkin Whole | approx 4Kg", "price": "$12.00", "price_calculation": "$3.00 per 1kg", "category": "Winter Essentials"},
{"title": "Coles Kitchen Tear And Share Cheesy Garlic Bread | 350g", "price": "$4.80", "price_calculation": "$1.37 per 100g", "category": "Winter Essentials"},
{"title": "KOi Hand Sanitiser | 50mL", "price": "$5.00", "price_calculation": "$10.00 per 100mL", "category": "Winter Essentials"},
{"title": "Coles Perform Mexican Style Beef & Bean Soup | 400g", "price": "$5.00", "price_calculation": "$1.25 per 100g", "category": "Winter Essentials"},
{"title": "Uncle Tobys Breakfast Bakes Honey and Almond Oats 4 pack | 260g", "price": "$5.60", "price_calculation": "$2.15 per 100g", "category": "Winter Essentials"},
{"title": "Cenovis Vitamin C 250mg Tablets For Immune Support | 150 pack", "price": "$5.95", "price_calculation": "$0.04 per 1ea", "category": "Winter Essentials"},
{"title": "Cook & Dine Rolling Pin | 1 each", "price": "$6.00", "price_calculation": "$6.00 per 1ea", "category": "Winter Essentials"},
{"title": "Nestle Milkybar Hot Chocolate | 10 pack", "price": "$7.00", "price_calculation": "$0.70 per 1ea", "category": "Winter Essentials"},
{"title": "Uncle Tobys Oats Quick Sachets Breakfast Cereal Original | 680g", "price": "$9.50", "price_calculation": "$1.40 per 100g", "category": "Winter Essentials"},
{"title": "Vicks VapoRub Ointment Decongestant Chest Rub | 100g", "price": "$10.40", "price_calculation": "$10.40 per 100g", "category": "Winter Essentials"},
{"title": "Vicks First Defense Nasal Spray | 15mL", "price": "$10.50", "price_calculation": "$70.00 per 100mL", "category": "Winter Essentials"},
{"title": "Ease A Cold Kids Cold And Flu Chewable Tablets | 24 pack", "price": "$15.00", "price_calculation": "$0.63 per 1ea", "category": "Winter Essentials"},
{"title": "Lemsip Max With Decongestant Blackcurrant | 10 pack", "price": "$15.00", "price_calculation": "$1.50 per 1ea", "category": "Winter Essentials"},
{"title": "Difflam Sore Throat Spray Forte | 15mL", "price": "$17.00", "price_calculation": "$113.34 per 100mL", "category": "Winter Essentials"},
{"title": "Cenovis Sugarless Vitamin C 500mg Tablets For Immunity | 300 pack", "price": "$17.00", "price_calculation": "$0.06 per 1ea", "category": "Winter Essentials"},
{"title": "Nature's Way Vitamin C 500mg Chewable Tablets | 500 pack", "price": "$29.00", "price_calculation": "$0.06 per 1ea", "category": "Winter Essentials"},
{"title": "Coles Red Ribbon Liver Pieces | 100g", "price": "$4.00", "price_calculation": "$4.00 per 1ea", "category": "Pet"},
{"title": "Coles With Ocean Fishadult Dry Cat Food With Ocean Fish | 1kg", "price": "$4.00", "price_calculation": "$0.40 per 100g", "category": "Pet"},
{"title": "Codral Cold & Flu + Mucus Cough Capsules | 16 pack", "price": "$16.50", "price_calculation": "$1.03 per 1ea", "category": "Winter Essentials"},
{"title": "4 Legs Slow Cooked Chicken Sweet Potato Green Beans & Barley Dog Food | 250g", "price": "$4.00", "price_calculation": "$1.60 per 100g", "category": "Pet"},
{"title": "Sudafed PE Sinus Pain Relief + Anti Inflammatory Double Action Tablets | 20 pack", "price": "$16.50", "price_calculation": "$0.83 per 1ea", "category": "Winter Essentials"},
{"title": "Pedigree Homestyle Lamb Pasta & Vegies Adult Wet Dog Food Can | 1.2kg", "price": "$4.00", "price_calculation": "$0.33 per 100g", "category": "Pet"},
{"title": "Swisse Ultiboost Daily Immune Support | 60 pack", "price": "$21.00", "price_calculation": "$35.00 per 100ea", "category": "Winter Essentials"},
{"title": "Pedigree Homestyle Chicken With Rice & Vegies Adult Wet Dog Food Can | 1.2kg", "price": "$4.00", "price_calculation": "$0.33 per 100g", "category": "Pet"},
{"title": "Cook & Dine Aluminium Stock Pot 24cm | 1 each", "price": "$22.00", "price_calculation": "$22.00 per 1ea", "category": "Winter Essentials"},
{"title": "Woofin Good Venison Jerky Strips Dog Treat | 100g", "price": "$5.00", "price_calculation": "$5.00 per 100g", "category": "Pet"},
{"title": "Seiki 2000 Watt Upright Fan Heater | 1 each", "price": "$25.00", "price_calculation": "$25.00 per 1ea", "category": "Winter Essentials"},
{"title": "Our Dog Tea Tree Oil Shampoo | 1L", "price": "$5.10", "price_calculation": "$5.10 per 1L", "category": "Pet"},
{"title": "Swisse Ultiboost Zinc+ | 120 pack", "price": "$27.00", "price_calculation": "$22.50 per 100ea", "category": "Winter Essentials"},
{"title": "Coles Tender Kangaroo Straps | 500g", "price": "$6.00", "price_calculation": "$1.20 per 100g", "category": "Pet"},
{"title": "Swisse Ultiboost Vitamin C Effervescent Tablets | 60 pack", "price": "$36.00", "price_calculation": "$0.60 per 1ea", "category": "Winter Essentials"},
{"title": "Coles Gold Fish Food Flakes | 100g", "price": "$6.20", "price_calculation": "$6.20 per 100g", "category": "Pet"},
{"title": "Hinkler Shaped Colouring Book Assorted | 1 each", "price": "$3.80", "price_calculation": "$3.80 per 1ea", "category": "Winter Essentials"},
{"title": "Love'em Grain Free Dog Treats Beef Jerky With Tomato | 200g", "price": "$7.00", "price_calculation": "$3.50 per 100g", "category": "Pet"},
{"title": "Coles Chest Rub Ointment | 100g", "price": "$4.00", "price_calculation": "$4.00 per 100g", "category": "Winter Essentials"},
{"title": "Coles Adult Dry Dog Food With Chicken | 3kg", "price": "$7.00", "price_calculation": "$0.23 per 100g", "category": "Pet"},
{"title": "Cenovis Garlic Capsules For Immune Support | 60 pack", "price": "$6.36", "price_calculation": "$0.11 per 1ea", "category": "Winter Essentials"},
{"title": "V.I.P Gourmet Adult Chilled Fresh Dog Food Roll Premium Chicken with Vegetables & Brown Rice | 3kg", "price": "$8.00", "price_calculation": "$0.27 per 100g", "category": "Pet"},
{"title": "Mix Women's Home Size 5-11 | 2 pack", "price": "$7.00", "price_calculation": "$3.50 per 1ea", "category": "Winter Essentials"},
{"title": "My Dog Classic Loaf With Juicy Lamb 6X100G Wet Dog Food | 6 pack", "price": "$9.50", "price_calculation": "$1.58 per 100g", "category": "Pet"},
{"title": "Nature's Own Cold Sore Relief Double Strength Tablets | 50 pack", "price": "$7.98", "price_calculation": "$0.16 per 1ea", "category": "Winter Essentials"},
{"title": "Gourmet Delight Multipack Favourites Cat Food 12x80g | 12 pack", "price": "$12.00", "price_calculation": "$1.25 per 100g", "category": "Pet"},
{"title": "Cook & Dine 24 Cup Mini Muffin Tray | 1 each", "price": "$8.00", "price_calculation": "$8.00 per 1ea", "category": "Winter Essentials"},
{"title": "Whiskas So Meaty 1+ Years Wet Cat Food Meat Cuts In Gravy 85g Pouch | 12 pack", "price": "$13.50", "price_calculation": "$1.32 per 100g", "category": "Pet"},
{"title": "Cook & Dine Cooling Rack | 1 each", "price": "$8.00", "price_calculation": "$8.00 per 1ea", "category": "Winter Essentials"},
{"title": "Pedigree Dentastix Medium Dog Treats Daily Oral Care Dental Chews | 28 pack", "price": "$15.50", "price_calculation": "$0.55 per 1ea", "category": "Pet"},
{"title": "Cook & Dine 6 Cup Jumbo Muffin Tin | 1 each", "price": "$9.00", "price_calculation": "$9.00 per 1ea", "category": "Winter Essentials"},
{"title": "Nood Dry Cat Food Cage Free Chicken Recipe With Probiotics | 1.5kg", "price": "$16.50", "price_calculation": "$1.10 per 100g", "category": "Pet"},
{"title": "Uno Flip Card Game | 1 pack", "price": "$10.00", "price_calculation": "$10.00 per 1ea", "category": "Winter Essentials"},
{"title": "Optimum Dry Cat Food Adult Furball With Chicken | 2kg", "price": "$19.00", "price_calculation": "$0.95 per 100g", "category": "Pet"},
{"title": "Cenovis Echinacea 5000 Capsules For Immune Support | 60 pack", "price": "$10.08", "price_calculation": "$0.17 per 1ea", "category": "Winter Essentials"},
{"title": "Pet Treat Bar Goat Horns Cut 4-5 Inch | approx 100g", "price": "$6.00", "price_calculation": "$60.00 per 1kg", "category": "Pet"},
{"title": "Cenovis Echinacea Garlic Zinc & Vitamin C Tablets | 60 pack", "price": "$10.20", "price_calculation": "$0.17 per 1ea", "category": "Winter Essentials"},
{"title": "Pet Treat Bar Cranberry Booster Chew | approx 100g", "price": "$6.00", "price_calculation": "$60.00 per 1kg", "category": "Pet"},
{"title": "Cook & Dine Roasting Pan | 1 each", "price": "$12.00", "price_calculation": "$12.00 per 1ea", "category": "Winter Essentials"},
{"title": "Pet Treat Bar Liver & Charcoal Dental Sticks | approx 100g", "price": null, "price_calculation": null, "category": "Pet"},
{"title": "Dari's Lentil Soup | 1.2kg", "price": "$12.45", "price_calculation": "$1.04 per 100g", "category": "Winter Essentials"},
{"title": "Dine Melting Soup Tuna & Chicken Wet Cat Food Pouch | 40g", "price": "$1.60", "price_calculation": "$4.00 per 100g", "category": "Pet"},
{"title": "Snazzee Long Hot Water Bottle With Soft Cover | 1 each", "price": "$15.00", "price_calculation": "$15.00 per 1ea", "category": "Winter Essentials"},
{"title": "Dine Tuna & Salmon Melting Soup Cat Food | 40g", "price": "$1.60", "price_calculation": "$4.00 per 100g", "category": "Pet"},
{"title": "Nyal Childrens Cold & Flu Liquid | 200mL", "price": "$15.00", "price_calculation": "$7.50 per 100mL", "category": "Winter Essentials"},
{"title": "My Dog Classic Loaf With Gourmet Beef Tray Adult Wet Dog Food | 100g", "price": "$1.70", "price_calculation": "$1.70 per 100g", "category": "Pet"},
{"title": "Duro-tuss Relief Chesty Cough Liquid | 200mL", "price": "$16.50", "price_calculation": "$8.25 per 100mL", "category": "Winter Essentials"},
{"title": "My Dog Shredded Meals Chicken Dog Food | 100g", "price": "$1.80", "price_calculation": "$1.80 per 100g", "category": "Pet"},
{"title": "Microprotect Hand Sanitiser Gel | 1L", "price": "$20.00", "price_calculation": "$2.00 per 100mL", "category": "Winter Essentials"},
{"title": "Ultimates Indulge Whitemeat Tuna With Fish Roe & Chicken Breast Adult Cat Food | 85g", "price": "$2.00", "price_calculation": "$2.35 per 100g", "category": "Pet"},
{"title": "Cook & Dine Aluminium Saucepan 20cm | 1 each", "price": "$22.00", "price_calculation": "$22.00 per 1ea", "category": "Winter Essentials"},
{"title": "Purina One Senior 7+ Chicken Pouch Cat Food | 70g", "price": "$2.00", "price_calculation": "$2.86 per 100g", "category": "Pet"},
{"title": "Nature's Way Garlic + C & Horseradish Tablets | 200 pack", "price": "$24.00", "price_calculation": "$0.12 per 1ea", "category": "Winter Essentials"},
{"title": "Fussy Cat Grain Free Adult Chilled Fresh Cat Food Tartare with Kangaroo | 70g", "price": "$2.50", "price_calculation": "$3.57 per 100g", "category": "Pet"},
{"title": "Cook & Dine Aluminium Saute Pan 28cm | 1 each", "price": "$26.00", "price_calculation": "$26.00 per 1ea", "category": "Winter Essentials"},
{"title": "Fancy Feast Savory Centers Chicken Pate Cat Food | 85g", "price": "$2.60", "price_calculation": "$3.06 per 100g", "category": "Pet"},
{"title": "Rescue Sleep Spray | 20mL", "price": "$28.50", "price_calculation": "$142.50 per 100mL", "category": "Winter Essentials"},
{"title": "Golp Dog Yoghurt Vanilla Probiotic Dog Treat | 70g", "price": "$2.60", "price_calculation": "$3.71 per 100g", "category": "Pet"},
{"title": "Seiki 2000 Watt Convection Heater | 1 each", "price": "$39.00", "price_calculation": "$39.00 per 1ea", "category": "Winter Essentials"},
{"title": "Optimum Lamb & Rice Adult Wet Dog Food Can | 400g", "price": "$2.80", "price_calculation": "$0.70 per 100g", "category": "Pet"},
{"title": "Mountain Culture Status Quo Pale Ale Can 355mL | 16 Pack", "price": "$70.00", "price_calculation": "$12.32 per 1L", "category": "Winter Essentials"},
{"title": "Nature's Gift Chicken Turkey And Vegetable Dog Food | 700g", "price": "$3.50", "price_calculation": "$0.50 per 100g", "category": "Pet"},
{"title": "Green's Cinnamon Donut Pancake Shake | 325g", "price": "$3.00", "price_calculation": "$0.92 per 100g", "category": "Winter Essentials"},
{"title": "Nature's Gift Lamb Pasta And Vegetable Dog Food | 700g", "price": "$3.50", "price_calculation": "$0.50 per 100g", "category": "Pet"},
{"title": "Hasbro Monopoly Bid | 1 each", "price": "$5.00", "price_calculation": null, "category": "Winter Essentials"},
{"title": "Pups In The Pantry Peamutt Butter Scrolls 4 Pieces | 1 Pack", "price": "$4.80", "price_calculation": "$4.80 per 1ea", "category": "Pet"},
{"title": "Mind Waves Colouring Book Mindfulness Assortment | 1 each", "price": "$6.99", "price_calculation": "$6.99 per 1ea", "category": "Winter Essentials"},
{"title": "Woofin Good Turkey Jerky Strips Dog Treat | 100g", "price": "$5.00", "price_calculation": "$5.00 per 100g", "category": "Pet"},
{"title": "Cook & Dine Loose Base Quiche Pan 25.5cm | 1 each", "price": "$7.00", "price_calculation": "$7.00 per 1ea", "category": "Winter Essentials"},
{"title": "Vitapet Pocket Rewards Chicken With Spinach & Carrots Dog Treat | 70g", "price": "$5.50", "price_calculation": "$7.86 per 100g", "category": "Pet"},
{"title": "Ikina Stainless Steel Insulated Cup | 350mL", "price": "$7.50", "price_calculation": "$2.14 per 100mL", "category": "Winter Essentials"},
{"title": "Trill Bird Seed Budgie Mix | 1.8kg", "price": "$6.00", "price_calculation": null, "category": "Pet"},
{"title": "Nature's Own Garlic Vitamin C + Horseradish Triple Strength Tablets | 60 pack", "price": "$13.14", "price_calculation": "$0.22 per 1ea", "category": "Winter Essentials"},
{"title": "Cook & Dine Embossed Glass Tumblers | 4 pack", "price": "$20.00", "price_calculation": "$5.00 per 1ea", "category": "Household"},
{"title": "Fussy Cat Grain Free Adult Chilled Fresh Cat Food Prime Steak Mince with Salmon | 450g", "price": "$6.50", "price_calculation": "$1.44 per 100g", "category": "Pet"},
{"title": "Nature's Own High Strength Zinc 30mg Tablets | 120 pack", "price": "$13.50", "price_calculation": "$0.11 per 1ea", "category": "Winter Essentials"},
{"title": "Scentory Soy Blend Vanilla Bean And Caramel Double Wicked Candle | 1 pack", "price": "$20.00", "price_calculation": "$20.00 per 1ea", "category": "Household"},
{"title": "Schmackos Strapz With Liver Dog Treats | 200g", "price": "$7.50", "price_calculation": "$3.75 per 100g", "category": "Pet"},
{"title": "Coles Eucalyptus Oil | 175mL", "price": "$14.00", "price_calculation": "$8.00 per 100mL", "category": "Winter Essentials"},
{"title": "Scentory Soy Blend Luscious Petals Double Wicked Candle | 1 pack", "price": "$20.00", "price_calculation": "$20.00 per 1ea", "category": "Household"},
{"title": "Friskies Kitten Discoveries Cat Food | 1kg", "price": "$8.00", "price_calculation": "$0.80 per 100g", "category": "Pet"},
{"title": "Faber-Castell Classic Colouring Pencils | 24 pack", "price": "$14.50", "price_calculation": "$0.60 per 1ea", "category": "Winter Essentials"},
{"title": "Omo Sensitive Dilute At Home Laundry Liquid | 665mL", "price": "$20.00", "price_calculation": "$30.08 per 1L", "category": "Household"},
{"title": "Purr Cat Food Kitten Chicken Selection 12x85g | 12 pack", "price": "$8.80", "price_calculation": "$0.86 per 100g", "category": "Pet"},
{"title": "Cook & Dine Ribbed Hiball Glasses | 4 pack", "price": "$20.00", "price_calculation": null, "category": "Household"},
{"title": "Purr Cat Food Seafood Jelly Selection 12x85g | 12 pack", "price": "$8.80", "price_calculation": "$0.86 per 100g", "category": "Pet"},
{"title": "Outdoor Life Hardbody Bottle 2.5L | 1 each", "price": "$20.00", "price_calculation": null, "category": "Household"},
{"title": "Vitapet Duck Tenders Dog Treat | 100g", "price": "$9.00", "price_calculation": "$9.00 per 100g", "category": "Pet"},
{"title": "Mortein Naturgard Automatic Refill | 152g", "price": "$20.00", "price_calculation": "$20.00 per 1ea", "category": "Household"},
{"title": "Coles Finest Pain Au Chocolate Single | 1 each", "price": "$3.00", "price_calculation": "$3.00 per 1ea", "category": "Bonus Cookware Credits"},
{"title": "Victoria Bitter VX Bottle 250mL | 24 Pack", "price": "$56.00", "price_calculation": null, "category": "Winter Essentials"},
{"title": "Fussy Cat  Grain Free Twice as Tasty Adult Wet Cat Food Slices & Chicken Jelly | 12 pack", "price": "$9.45", "price_calculation": "$0.98 per 100g", "category": "Pet"},
{"title": "Cook & Dine Cheese Board | 1 each", "price": "$20.00", "price_calculation": "$20.00 per 1ea", "category": "Household"},
{"title": "Maggi Stir Fry Creations Chinese BBQ Pork | 150g", "price": "$3.50", "price_calculation": "$2.33 per 100g", "category": "Bonus Cookware Credits"},
{"title": "Coles I'M Free From Pancake Mix | 375g", "price": "$2.90", "price_calculation": "$0.77 per 100g", "category": "Winter Essentials"},
{"title": "My Dog Classic Loaf With Gourmet Beef & Hearty Liver 6X100G Wet Dog Food | 6 pack", "price": "$9.50", "price_calculation": "$1.58 per 100g", "category": "Pet"},
{"title": "Cook & Dine Pink Stemless Wine Glasses | 4 pack", "price": "$20.00", "price_calculation": "$5.00 per 1ea", "category": "Household"},
{"title": "U by Kotex Tampons Super | 16 pack", "price": "$5.00", "price_calculation": "$0.31 per 1ea", "category": "Bonus Cookware Credits"},
{"title": "Pitango Soup Smoky Tomato Lentil | 350g", "price": "$4.75", "price_calculation": "$1.36 per 100g", "category": "Winter Essentials"},
{"title": "Moki Go Type-C To Type-C Syncharge Cable1.2M | 1 each", "price": "$20.00", "price_calculation": "$20.00 per 1ea", "category": "Household"},
{"title": "Coles Finest Balsamic Vinegar Of Modena | 250mL", "price": "$6.00", "price_calculation": "$2.40 per 100mL", "category": "Bonus Cookware Credits"},
{"title": "Kialla Organic Waffle Pancake Mix Classic | 325g", "price": "$5.50", "price_calculation": "$1.69 per 100g", "category": "Winter Essentials"},
{"title": "Clio Fashion Midi Brief Assorted 10/12 | 3 pack", "price": "$20.00", "price_calculation": "$6.67 per 1ea", "category": "Household"},
{"title": "Glad To Be Green 50% Ocean Recycled Garbage Bags 75l | 12 pack", "price": "$6.00", "price_calculation": "$0.50 per 1ea", "category": "Bonus Cookware Credits"},
{"title": "Cook & Dine Stackable Measuring Cups | 6 pack", "price": "$6.00", "price_calculation": "$1.00 per 1ea", "category": "Winter Essentials"},
{"title": "NRG 2M USB A To Lightning - White | 1 each", "price": "$20.00", "price_calculation": "$20.00 per 1ea", "category": "Household"},
{"title": "Optimum Dog Treat Muesli Bars With Chicken Coconut & Kefir Digestion | 4 pack", "price": "$6.00", "price_calculation": "$1.50 per 1ea", "category": "Bonus Cookware Credits"},
{"title": "Noshu 98% Sugar Free Buttermilk Pancake Mix | 240g", "price": "$6.40", "price_calculation": "$2.67 per 100g", "category": "Winter Essentials"},
{"title": "NRG Lightning To Aux Adapter | 1 each", "price": "$20.00", "price_calculation": "$20.00 per 1ea", "category": "Household"},
{"title": "Optimum Dog Treat Cookies With Salmon & Chia | 6 pack", "price": "$6.00", "price_calculation": "$1.00 per 1ea", "category": "Bonus Cookware Credits"},
{"title": "T2 Melbourne Breakfast Flavoured Black Tea Bags 25 pack | 50g", "price": "$16.00", "price_calculation": "$0.64 per 1ea", "category": "Winter Essentials"},
{"title": "Sard Ultra Whitening Powder | 2kg", "price": "$20.00", "price_calculation": "$10.00 per 1kg", "category": "Household"},
{"title": "Optimum Dog Treat Protein Bites With Fish & Spinach | 75g", "price": "$6.00", "price_calculation": "$8.00 per 100g", "category": "Bonus Cookware Credits"},
{"title": "Swisse Ultiboost Zinc+ Tablets | 60 pack", "price": "$17.00", "price_calculation": "$28.33 per 100ea", "category": "Winter Essentials"},
{"title": "Bonds Mens Low Cut Sock Size 6+ With | 7 pack", "price": null, "price_calculation": null, "category": "Household"},
{"title": "Magnum Ice Cream Dairy Free Sea Salt Caramel 3Pack | 270mL", "price": "$6.50", "price_calculation": "$2.41 per 100mL", "category": "Bonus Cookware Credits"},
{"title": "Nurofen Children 7+ 100Mg Orange Chewable Capsules | 24 pack", "price": "$18.00", "price_calculation": "$0.75 per 1ea", "category": "Winter Essentials"},
{"title": "Bonds Kids Low Cut Sock Size 9-12 With | 8 pack", "price": null, "price_calculation": null, "category": "Household"},
{"title": "Coles Finest Australian Artisan Crispbread With Olive Oil And Sea Salt | 150g", "price": "$7.00", "price_calculation": "$4.67 per 100g", "category": "Bonus Cookware Credits"},
{"title": "Sambucol Cold & Flu Liquid | 120mL", "price": "$18.00", "price_calculation": "$15.00 per 100mL", "category": "Winter Essentials"},
{"title": "Bonds Kids Qtr Crew Sock 9-12 With | 8 pack", "price": null, "price_calculation": null, "category": "Household"},
{"title": "Colgate Interdental Brush Size 3 | 8 pack", "price": "$7.00", "price_calculation": "$0.88 per 1ea", "category": "Bonus Cookware Credits"},
{"title": "Cook & Dine Roasting Pan with Rack | 1 each", "price": "$20.00", "price_calculation": "$20.00 per 1ea", "category": "Winter Essentials"},
{"title": "Bonds Baby Qtr Crew Sock 0-1 With | 7 pack", "price": null, "price_calculation": null, "category": "Household"},
{"title": "Rexona Women Antiperspirant Pump Sport Deodorant | 150mL", "price": "$7.80", "price_calculation": "$5.20 per 100mL", "category": "Bonus Cookware Credits"},
{"title": "Mayfair Rhubarb & Ginger Gin 700mL | 1 Each", "price": "$59.00", "price_calculation": "$84.29 per 1L", "category": "Winter Essentials"},
{"title": "Bonds Mens Qtr Crew Sock Size 6+ With | 7 pack", "price": null, "price_calculation": null, "category": "Household"},
{"title": "Air Wick Odour Neutralising Spray Eucalyptus & Freesia | 236mL", "price": "$8.00", "price_calculation": "$0.34 per 10mL", "category": "Bonus Cookware Credits"},
{"title": "Coles Traditional Gravy Mix | 425g", "price": "$3.60", "price_calculation": "$0.85 per 100g", "category": "Winter Essentials"},
{"title": "Brunnings Glyphosate Concentrate Weed Killer | 1L", "price": "$20.00", "price_calculation": "$20.00 per 1L", "category": "Household"},
{"title": "Rexona Women Antiperspirant Aerosol Advanced Invisible Dry Fresh Deodorant | 220mL", "price": "$8.50", "price_calculation": "$3.86 per 100mL", "category": "Bonus Cookware Credits"},
{"title": "Orgran Buckwheat Pancake Mix | 375g", "price": "$3.95", "price_calculation": "$1.05 per 100g", "category": "Winter Essentials"},
{"title": "Energizer USB-C Cable Asst 1.2m | 1 pack", "price": "$21.00", "price_calculation": "$21.00 per 1ea", "category": "Household"},
{"title": "Botanica Island Rose & African Geranium Reed Diffuser | 80mL", "price": "$10.00", "price_calculation": "$1.25 per 10mL", "category": "Bonus Cookware Credits"},
{"title": "Pitango Soup Potato & Leek | 350g", "price": "$4.75", "price_calculation": "$1.36 per 100g", "category": "Winter Essentials"},
{"title": "Energizer USB C Cable Braided 1.2M | 1 Pack", "price": "$21.00", "price_calculation": "$21.00 per 1ea", "category": "Household"},
{"title": "Botanica Reed Diffuser Eucalyptus & Mediterranean Sage | 80mL", "price": "$10.00", "price_calculation": "$1.25 per 10mL", "category": "Bonus Cookware Credits"},
{"title": "Kialla Organic Vegan Pancake Mix Vanilla | 325g", "price": "$5.50", "price_calculation": "$1.69 per 100g", "category": "Winter Essentials"},
{"title": "Leapfrog Level Up & Learn Controller | 1 each", "price": "$21.00", "price_calculation": "$21.00 per 1ea", "category": "Household"},
{"title": "Colgate Total Toothpaste Plaque Release & Gum Gentle Fragrant Mint | 95g", "price": "$10.00", "price_calculation": "$10.53 per 100g", "category": "Bonus Cookware Credits"},
{"title": "Nestle Aero Hot Chocolate | 10 pack", "price": "$7.00", "price_calculation": "$0.70 per 1ea", "category": "Winter Essentials"},
{"title": "Smash Blue Stainless Steel Double Wall One Touch | 690mL", "price": "$21.00", "price_calculation": "$30.44 per 1L", "category": "Household"},
{"title": "Colgate Total Toothpaste Plaque Release & Gum Farm Natural Mint | 95g", "price": "$10.00", "price_calculation": "$10.53 per 100g", "category": "Bonus Cookware Credits"},
{"title": "Pitango Soup Tomato Basil | 600g", "price": "$7.00", "price_calculation": "$1.17 per 100g", "category": "Winter Essentials"},
{"title": "Armor All Cream Cut & Polish | 250g", "price": "$22.00", "price_calculation": "$22.00 per 1ea", "category": "Household"},
{"title": "Dove Women Clinical Protection Aerosol Original Clean Antiperspirant | 180mL", "price": "$11.00", "price_calculation": "$6.11 per 100mL", "category": "Bonus Cookware Credits"},
{"title": "Voost Effervescent Immunity Blackcurrent | 20 pack", "price": "$7.70", "price_calculation": "$0.39 per 1ea", "category": "Winter Essentials"},
{"title": "Coles Led Strip 5m | 1 pack", "price": "$22.00", "price_calculation": "$22.00 per 1ea", "category": "Household"},
{"title": "Bref Blue Active Flower Blossom 2 Pack | 100g", "price": "$11.00", "price_calculation": "$11.00 per 100g", "category": "Bonus Cookware Credits"},
{"title": "Cook & Dine Round Cake Tin 24cm | 1 pack", "price": "$8.00", "price_calculation": "$8.00 per 1ea", "category": "Winter Essentials"},
{"title": "Moki Go Lightning - Type C 1.2M | 1 each", "price": "$22.00", "price_calculation": "$22.00 per 1ea", "category": "Household"},
{"title": "Coles Finest Grana Padano DOP | 200g", "price": "$11.50", "price_calculation": "$57.50 per 1kg", "category": "Bonus Cookware Credits"},
{"title": "Cenovis Zinc Plus Tablets For Wellbeing + Skin Health | 150 pack", "price": "$8.34", "price_calculation": "$5.56 per 100ea", "category": "Winter Essentials"},
{"title": "Tradie Mens Bamboo Fitted Trunk Size M | 3 pack", "price": "$22.00", "price_calculation": "$7.33 per 1ea", "category": "Household"},
{"title": "Rexona Women Antiperspirant Cream Clinical Shower Clean | 45mL", "price": "$13.00", "price_calculation": "$28.89 per 100mL", "category": "Bonus Cookware Credits"},
{"title": "Sanofi Epsom Salts - Magnesium Bath Crystals | 1kg", "price": "$9.50", "price_calculation": "$0.95 per 100g", "category": "Winter Essentials"},
{"title": "Biozet Attack 3D Clean Top & Front Loader Liquid Plus Eliminator | 3L", "price": null, "price_calculation": null, "category": "Household"},
{"title": "Dove Men + Care Clinical Protection Clean Comfort | 45mL", "price": "$13.00", "price_calculation": "$28.89 per 100mL", "category": "Bonus Cookware Credits"},
{"title": "Dari's Indonesian Crab & Corn Soup | 600g", "price": "$9.95", "price_calculation": "$1.66 per 100g", "category": "Winter Essentials"},
{"title": "Outdoor Life 18 Can Cooler Backpack | 1 each", "price": "$22.40", "price_calculation": null, "category": "Household"},
{"title": "Botanica Vanilla & Himalayan Magnolia Fragrance Refills | 38mL", "price": "$13.15", "price_calculation": "$3.46 per 10mL", "category": "Bonus Cookware Credits"},
{"title": "Dari's Asian Chicken Soup | 600g", "price": "$9.95", "price_calculation": "$1.66 per 100g", "category": "Winter Essentials"},
{"title": "Armor All Carpet And Upholstery Brush | 500g", "price": "$22.50", "price_calculation": "$4.50 per 100g", "category": "Household"},
{"title": "Botanica Fresh Pineapple & Tunisian Rosemary Fragrance Refills | 38mL", "price": "$13.15", "price_calculation": "$3.46 per 10mL", "category": "Bonus Cookware Credits"},
{"title": "Dari's Classic Chicken Noodle Soup | 1.2kg", "price": "$12.45", "price_calculation": "$1.04 per 100g", "category": "Winter Essentials"},
{"title": "Mortein Powergard Bombs 3x150g | 450g", "price": "$22.50", "price_calculation": "$5.00 per 100g", "category": "Household"},
{"title": "Air Wick Life Scents Turquoise Oasis Liquid Electrical Prime | 19mL", "price": "$14.00", "price_calculation": "$7.37 per 10mL", "category": "Bonus Cookware Credits"},
{"title": "Sudafed PE Non Drowsy Nasal Decongestant Tablets | 20 pack", "price": "$14.00", "price_calculation": "$0.70 per 1ea", "category": "Winter Essentials"},
{"title": "Energizer iPhone Cable Flat Asst 1.2m | 1 pack", "price": "$23.00", "price_calculation": "$23.00 per 1ea", "category": "Household"},
{"title": "Air Wick Pure Spring Delight Fragrance Infused with Essential Oil 19mL | 1 pack", "price": "$14.00", "price_calculation": "$14.00 per 1ea", "category": "Bonus Cookware Credits"},
{"title": "Nyal Cough Cold & Flu Tablets | 24 pack", "price": "$15.00", "price_calculation": "$0.63 per 1ea", "category": "Winter Essentials"},
{"title": "Duracell 200 Lumen Head Lamp 3 AAA | 1 each", "price": "$23.00", "price_calculation": "$23.00 per 1ea", "category": "Household"},
{"title": "Air Wick Pure Cherry Blossom Fragrance Infused With Essential Oil 19mL | 1 pack", "price": "$14.00", "price_calculation": "$14.00 per 1ea", "category": "Bonus Cookware Credits"},
{"title": "Blackmores Vitamin D3 1000IU Immune Capsules | 200 pack", "price": "$15.00", "price_calculation": "$7.50 per 100ea", "category": "Winter Essentials"},
{"title": "Outdoor Life Garden Hose 15m | 1 pack", "price": "$23.00", "price_calculation": "$23.00 per 1ea", "category": "Household"},
{"title": "Air Wick Vanilla & Soft Cashmere Essential Oils | 21mL", "price": "$14.00", "price_calculation": "$6.67 per 10mL", "category": "Bonus Cookware Credits"},
{"title": "Zovirax Cold Sore Cream Tube | 2g", "price": "$16.80", "price_calculation": "$840.00 per 100g", "category": "Winter Essentials"},
{"title": "Duracell Recharge Ultra AAA Rechargeable Batteries | 4 pack", "price": "$23.20", "price_calculation": "$5.80 per 1ea", "category": "Household"},
{"title": "Botanica Vanilla & Himalayan Magnolia Candle | 1 each", "price": "$14.00", "price_calculation": "$14.00 per 1ea", "category": "Bonus Cookware Credits"},
{"title": "Strepsils Extra Anaesthetic Sore Throat Pain Relief Lozenges Blackcurrant | 36 pack", "price": "$17.00", "price_calculation": "$0.47 per 1ea", "category": "Winter Essentials"},
{"title": "Duracell Recharge Ultra Precharged Rechargeable AA Batteries | 4 pack", "price": "$23.20", "price_calculation": "$5.80 per 1ea", "category": "Household"},
{"title": "Botanica Moroccan Mint & Pink Grapefruit Candle | 1 each", "price": "$14.00", "price_calculation": "$14.00 per 1ea", "category": "Bonus Cookware Credits"},
{"title": "Difflam Plus Anaesthetic Sore Throat Spray | 30mL", "price": "$19.00", "price_calculation": "$63.34 per 100mL", "category": "Winter Essentials"},
{"title": "Nu Finish Liquid Car Polish | 473mL", "price": "$23.50", "price_calculation": "$4.97 per 100mL", "category": "Household"},
{"title": "Colgate Optic White ReneWal Vibrant Clean Teeth Whitening Toothpaste With 3% Hydrogen Peroxide | 85g", "price": "$15.00", "price_calculation": "$17.65 per 100g", "category": "Bonus Cookware Credits"},
{"title": "Blackmores Bio C 1000mg Tablets | 150 pack", "price": "$24.00", "price_calculation": "$16.00 per 100ea", "category": "Winter Essentials"},
{"title": "Ion Laundry Liquid Concentrate | 2L", "price": "$24.00", "price_calculation": "$12.00 per 1L", "category": "Household"},
{"title": "Vanish Napisan Gold Multi Power Crystal White Stain Remover & Laundry Booster Powder | 1kg", "price": "$17.00", "price_calculation": "$17.00 per 1kg", "category": "Bonus Cookware Credits"},
{"title": "Blackmores Omega Triple Concentrated Fish Oil Capsules | 60 pack", "price": "$31.00", "price_calculation": "$51.67 per 100ea", "category": "Winter Essentials"},
{"title": "Ion Original Laundry Powder | 2kg", "price": "$24.00", "price_calculation": "$12.00 per 1kg", "category": "Household"},
{"title": "Vanish Napisan Gold Multi Power 0% Stain Remover & Laundry Booster Powder | 1kg", "price": "$17.00", "price_calculation": "$17.00 per 1kg", "category": "Bonus Cookware Credits"},
{"title": "Swisse High Strength C | 150 Pack", "price": "$42.00", "price_calculation": "$0.28 per 1ea", "category": "Winter Essentials"},
{"title": "Ion Sensitive Laundry Powder | 2kg", "price": "$24.00", "price_calculation": "$12.00 per 1kg", "category": "Household"},
{"title": "U by Kotex Thinx Period Underwear Black Bikini Size 10 | 1 each", "price": "$20.00", "price_calculation": "$20.00 per 1ea", "category": "Bonus Cookware Credits"},
{"title": "Kilkenny Cans 440mL | 24 Pack", "price": "$75.00", "price_calculation": "$7.10 per 1L", "category": "Winter Essentials"},
{"title": "Crest 4 Socket Surge Protected 1.2m Power Board | 1 each", "price": "$25.00", "price_calculation": "$25.00 per 1ea", "category": "Household"},
{"title": "Fancy Feast Dry Cat Food Tuna Prawn Mackerel & Crab Flavour | 1.4kg", "price": "$21.00", "price_calculation": "$1.50 per 100g", "category": "Bonus Cookware Credits"},
{"title": "Cook & Dine Pizza Tray | 1 each", "price": "$6.00", "price_calculation": "$6.00 per 1ea", "category": "Winter Essentials"},
{"title": "Energizer USB C Cable Black 2M | 1 Pack", "price": "$25.00", "price_calculation": "$25.00 per 1ea", "category": "Household"},
{"title": "Colgate Pulse Electric Brush Refill Deep Clean | 4 pack", "price": "$21.00", "price_calculation": "$5.25 per 1ea", "category": "Bonus Cookware Credits"},
{"title": "Cook & Dine Lamington Tray | 1 each", "price": "$7.00", "price_calculation": "$7.00 per 1ea", "category": "Winter Essentials"},
{"title": "Mirabella Genio Candle Wifi BC 5W 470LM  2700K-6500K | 1 pack", "price": "$25.00", "price_calculation": "$25.00 per 1ea", "category": "Household"},
{"title": "Colgate Pulse Electric Toothbrush Refills Whitening | 4 pack", "price": "$21.00", "price_calculation": "$5.25 per 1ea", "category": "Bonus Cookware Credits"},
{"title": "Pitango Free Range Chicken Sweet Corn & Noodle Soup | 600g", "price": "$7.00", "price_calculation": "$1.17 per 100g", "category": "Winter Essentials"},
{"title": "Mirabella Genio Fancy Round Wifi 5W Ses 470LM 2700K-6500K | 1 pack", "price": "$25.00", "price_calculation": "$25.00 per 1ea", "category": "Household"},
{"title": "Air Wick Vanilla & Cashmere Essential Oil Fragmatic Spray | 174g", "price": "$22.00", "price_calculation": "$22.00 per 1ea", "category": "Bonus Cookware Credits"},
{"title": "Cook & Dine Loaf Tin 24cm | 1 pack", "price": "$8.00", "price_calculation": "$8.00 per 1ea", "category": "Winter Essentials"},
{"title": "Curtis Stone Square Baking Dish 25cm | 1 each", "price": "$25.00", "price_calculation": "$25.00 per 1ea", "category": "Household"},
{"title": "Optimum Chicken Rice With Vegetables Dry Dog Food | 3kg", "price": "$22.00", "price_calculation": "$0.73 per 100g", "category": "Bonus Cookware Credits"},
{"title": "Nyal Antiviral Cold Sore Cream | 5g", "price": "$9.50", "price_calculation": "$190.00 per 100g", "category": "Winter Essentials"},
{"title": "Curtis Stone Medium Rectangle Baking Dish | 1 each", "price": "$25.00", "price_calculation": "$25.00 per 1ea", "category": "Household"},
{"title": "U by Kotex Thinx Period Underwear Ruby High Waisted Size 10 | 1 pack", "price": "$25.00", "price_calculation": "$25.00 per 1ea", "category": "Bonus Cookware Credits"},
{"title": "Dari's Thai Prawn Soup | 600g", "price": "$9.95", "price_calculation": "$1.66 per 100g", "category": "Winter Essentials"},
{"title": "NRG Wired Earphone With Microphone USB-C | 1 each", "price": "$25.00", "price_calculation": "$25.00 per 1ea", "category": "Household"},
{"title": "Hinata Short Grain Rice | 5kg", "price": "$30.00", "price_calculation": "$0.60 per 100g", "category": "Bonus Cookware Credits"},
{"title": "Cenovis Garlic Horseradish + Vitamin C Complex Capsules | 120 pack", "price": "$10.50", "price_calculation": "$0.09 per 1ea", "category": "Winter Essentials"},
{"title": "Air Wick Essential Mist Prime Happiness | 1 pack", "price": "$35.00", "price_calculation": "$35.00 per 1ea", "category": "Bonus Cookware Credits"},
{"title": "Blackmores Bio Zinc Skin & Immune Vitamin Tablets | 84 pack", "price": "$12.00", "price_calculation": "$14.29 per 100ea", "category": "Winter Essentials"},
{"title": "Air Wick Essential Mist Prime Peace | 1 pack", "price": "$35.00", "price_calculation": "$35.00 per 1ea", "category": "Bonus Cookware Credits"},
{"title": "Dari's Creamy Pumpkin Soup | 1.2kg", "price": "$12.45", "price_calculation": "$1.04 per 100g", "category": "Winter Essentials"},
{"title": "Optimum Dry Dog Food Chicken Vegetables & Rice | 15kg", "price": "$91.50", "price_calculation": "$0.61 per 100g", "category": "Bonus Cookware Credits"},
{"title": "Swisse Ultiboost Vitamin C Chewable | 110 pack", "price": "$13.50", "price_calculation": "$12.27 per 100ea", "category": "Winter Essentials"},
{"title": "Colgate Optic White Flexlight Led Kit & Pen | 1 pack", "price": "$100.00", "price_calculation": "$100.00 per 1ea", "category": "Bonus Cookware Credits"},
{"title": "Cenovis Echinacea Garlic Zinc & Vitamin C Tablets | 125 pack", "price": "$14.60", "price_calculation": "$0.12 per 1ea", "category": "Winter Essentials"},
{"title": "McCain Frozen Mashed Potato | 1kg", "price": "$7.70", "price_calculation": "$7.70 per 1kg", "category": "Frozen"},
{"title": "Core Power Foods Smokey Mountain Meatballs | 350g", "price": "$9.00", "price_calculation": "$2.57 per 100g", "category": "Frozen"},
{"title": "Vegemite Gluten Free Spread | 235g", "price": "$4.00", "price_calculation": "$1.70 per 100g", "category": "Winter Essentials"},
{"title": "Peters Lactose Free Ice Cream | 1.2L", "price": "$9.00", "price_calculation": "$0.75 per 100mL", "category": "Frozen"},
{"title": "Coles Perform Build Chicken Minestrone Soup | 450g", "price": "$5.00", "price_calculation": "$1.11 per 100g", "category": "Winter Essentials"},
{"title": "Connoisseur Ice Cream Peanut Butter | 1L", "price": "$9.00", "price_calculation": "$0.90 per 100mL", "category": "Frozen"},
{"title": "Pitango Organic Soup Minestrone | 600g", "price": "$7.00", "price_calculation": "$1.17 per 100g", "category": "Winter Essentials"},
{"title": "Drumstick Ice Cream Caramel 4Pack | 475mL", "price": "$9.50", "price_calculation": "$2.00 per 100mL", "category": "Frozen"},
{"title": "Pitango Free Range Soup Chicken & Vegetable | 600g", "price": "$7.00", "price_calculation": "$1.17 per 100g", "category": "Winter Essentials"},
{"title": "Inghams Chicken Breast Schnitzel | 400g", "price": "$10.65", "price_calculation": "$26.63 per 1kg", "category": "Frozen"},
{"title": "Arkadia Spice Chai Tea | 240g", "price": "$7.00", "price_calculation": "$2.92 per 100g", "category": "Winter Essentials"},
{"title": "Steggles Frozen Tempura Chicken Breast Pops | 1kg", "price": "$11.00", "price_calculation": "$11.00 per 1kg", "category": "Frozen"},
{"title": "The Pancake Parlour Buttermilk Pancake Mix | 500g", "price": "$7.95", "price_calculation": "$1.59 per 100g", "category": "Winter Essentials"},
{"title": "Coles Party 30 Pack | 1.25kg", "price": "$12.00", "price_calculation": "$0.96 per 100g", "category": "Frozen"},
{"title": "Vicks Nasal Spray Decongestant Inhaler | 0.5mL", "price": "$8.00", "price_calculation": "$8.00 per 1ea", "category": "Winter Essentials"},
{"title": "Mrs Mac's Microwaveable Beef & Cheese Pie | 175g", "price": "$2.50", "price_calculation": "$1.43 per 100g", "category": "Frozen"},
{"title": "Nurofen Cold and Flu Multi-Symptom Relief Tablets 200mg Ibuprofen | 12 pack", "price": "$9.00", "price_calculation": "$0.75 per 1ea", "category": "Winter Essentials"},
{"title": "Bulla Splits Multi Flavoured Ice Cream Sticks 10 pack | 750mL", "price": "$4.00", "price_calculation": "$0.53 per 100mL", "category": "Frozen"},
{"title": "Vicks Nasal Decongestant Inhaler | 2 pack", "price": "$10.40", "price_calculation": "$5.20 per 1ea", "category": "Winter Essentials"},
{"title": "Bulla Creamy Classics Ice Cream Neapolitan Stick 4 pack | 360mL", "price": "$5.20", "price_calculation": "$1.44 per 100mL", "category": "Frozen"},
{"title": "Lemsip Max With Decongestant Lemon | 10 pack", "price": "$15.00", "price_calculation": "$1.50 per 1ea", "category": "Winter Essentials"},
{"title": "McCain Red Box Plated Roast Lamb  | 320g", "price": "$6.00", "price_calculation": "$1.88 per 100g", "category": "Frozen"},
{"title": "Betadine Sore Throat Gargle Ready To Use | 120mL", "price": "$15.40", "price_calculation": "$12.83 per 100mL", "category": "Winter Essentials"},
{"title": "Zooper Dooper 8 Cosmic Flavours Water Ice 70mL Tubes | 24 pack", "price": "$6.50", "price_calculation": "$0.39 per 100mL", "category": "Frozen"},
{"title": "Mildara Limestone Coast Cabernet Shiraz 750mL | 1 Each", "price": "$24.00", "price_calculation": "$32.00 per 1L", "category": "Winter Essentials"},
{"title": "Birds Eye Snap Frozen Vegetables Carrot Cauliflower & Broccoli | 1 kg", "price": "$6.50", "price_calculation": "$6.50 per 1kg", "category": "Frozen"},
{"title": "Penfolds Bin 8 Shiraz Cabernet 750mL | 1 Each", "price": "$35.00", "price_calculation": "$46.67 per 1L", "category": "Winter Essentials"},
{"title": "Coles Irrisistible Rum & Raisin Ice Cream Tub | 1L", "price": "$6.50", "price_calculation": "$0.65 per 100mL", "category": "Frozen"},
{"title": "Green's Gluten Free Pancake Shake Mix Buttermilk | 300g", "price": "$2.10", "price_calculation": "$0.70 per 100g", "category": "Winter Essentials"},
{"title": "Coles Neapolitan Ice Cream Tub | 4L", "price": "$7.00", "price_calculation": "$0.18 per 100mL", "category": "Frozen"},
{"title": "Coles Instant Roast Meat Gravy Mix | 120g", "price": "$2.10", "price_calculation": "$0.18 per 10g", "category": "Winter Essentials"},
{"title": "Peters Frosty Fruits Tropical 8 pack | 600mL", "price": "$8.00", "price_calculation": "$1.33 per 100mL", "category": "Frozen"},
{"title": "Coles Nature'S Kitchen Minestrone Soup | 300g", "price": "$3.00", "price_calculation": "$1.00 per 100g", "category": "Winter Essentials"},
{"title": "On The Menu Chicken Parma With Cheesy Chips & Veg | 480g", "price": "$8.00", "price_calculation": "$1.67 per 100g", "category": "Frozen"},
{"title": "Greens 40% Less Sugar Pancake Protein Shake | 325g", "price": "$3.00", "price_calculation": "$0.92 per 100g", "category": "Winter Essentials"},
{"title": "McCain Family Margherita Frozen Pizza | 500g", "price": "$8.50", "price_calculation": "$1.70 per 100g", "category": "Frozen"},
{"title": "Micro Protect Surgical Mask Level 3  | 10 pack", "price": "$5.00", "price_calculation": "$0.50 per 1ea", "category": "Winter Essentials"},
{"title": "Peters Drumstick Ice Cream Cua Choc Cookie 4pack | 475mL", "price": "$9.50", "price_calculation": "$2.00 per 100mL", "category": "Frozen"},
{"title": "Vicks VapoDrops Original Menthol Lozenges | 24 pack", "price": "$5.00", "price_calculation": "$0.21 per 1ea", "category": "Winter Essentials"},
{"title": "Gelatissimo Gelato Cheesecake Swirl Tub | 473mL", "price": "$10.00", "price_calculation": "$2.11 per 100mL", "category": "Frozen"},
{"title": "Gravox Supreme Gravy Mix  | 425g", "price": "$6.30", "price_calculation": "$1.48 per 100g", "category": "Winter Essentials"},
{"title": "Farm Pride Frozen Egg Whites | 950mL", "price": "$10.50", "price_calculation": "$1.11 per 100mL", "category": "Frozen"},
{"title": "Barker's Strawberry Jam | 455g", "price": "$6.30", "price_calculation": "$1.38 per 100g", "category": "Winter Essentials"},
{"title": "KB Frozen Vegetable Gyoza | 750g", "price": "$13.60", "price_calculation": "$1.81 per 100g", "category": "Frozen"},
{"title": "Nescafe Caramel Latte Coffee Sachets | 10 pack", "price": "$7.60", "price_calculation": "$0.76 per 1ea", "category": "Winter Essentials"},
{"title": "Coles Frozen Brussels Sprouts | 500g", "price": "$3.00", "price_calculation": "$6.00 per 1kg", "category": "Frozen"},
{"title": "Difflam Plus Blackcurrant Flavour Anaesthetic Lozenges | 16 pack", "price": "$10.00", "price_calculation": "$0.63 per 1ea", "category": "Winter Essentials"},
{"title": "Twisted Healthy Treats Tiny Tubs Choc Mint/Caramel White Choc 4 Pack | 480mL", "price": "$4.25", "price_calculation": "$0.89 per 100mL", "category": "Frozen"},
{"title": "Robitussin Cold & Chesty Cough Syrup | 200mL", "price": "$10.80", "price_calculation": "$5.40 per 100mL", "category": "Winter Essentials"},
{"title": "Oz Group Australian Frozen Blueberries | 250g", "price": "$5.00", "price_calculation": "$2.00 per 100g", "category": "Frozen"},
{"title": "Nescafe Caramel Latte Coffee Sachets | 26 Pack", "price": "$11.00", "price_calculation": "$0.42 per 1ea", "category": "Winter Essentials"},
{"title": "Herbert Adams Cheese & Spinach Rolls | 380g", "price": "$5.30", "price_calculation": "$1.39 per 100g", "category": "Frozen"},
{"title": "Codral Mucus Cough + Cold Oral Liquid Raspberry Flavour | 200mL", "price": "$11.00", "price_calculation": "$5.50 per 100mL", "category": "Winter Essentials"},
{"title": "Coles Jalapeno Cakes | 250g", "price": "$5.50", "price_calculation": "$2.20 per 100g", "category": "Frozen"},
{"title": "Strepsils Orange Throat Lozenges | 36 pack", "price": "$12.00", "price_calculation": "$0.33 per 1ea", "category": "Winter Essentials"},
{"title": "Creative Gourmet Frozen Raspberries | 300g", "price": "$5.65", "price_calculation": "$18.83 per 1kg", "category": "Frozen"},
{"title": "Nurofen Cold & Flu Ibuprofen 200mg Tablets | 24 pack", "price": "$13.75", "price_calculation": "$0.57 per 1ea", "category": "Winter Essentials"},
{"title": "Steggles Frozen Southern Style Chicken Breast Tenders  | 400g", "price": "$6.00", "price_calculation": "$15.00 per 1kg", "category": "Frozen"},
{"title": "Ease A Cold Cough Cold & Flu Day & Night Capsules | 24 pack", "price": "$18.30", "price_calculation": "$0.76 per 1ea", "category": "Winter Essentials"},
{"title": "Weight Watchers Frozen Creamy Tuna Bake Meal | 320g", "price": "$6.50", "price_calculation": "$2.03 per 100g", "category": "Frozen"},
{"title": "Buderim Ginger Beer & Spiced Rum 250mL | 4 Pack", "price": "$16.50", "price_calculation": "$16.50 per 1L", "category": "Winter Essentials"},
{"title": "Peters Light And Creamy Ice Cream Choc Caramel | 1.8L", "price": "$6.50", "price_calculation": "$0.36 per 100mL", "category": "Frozen"},
{"title": "Vegemite Squeeze | 200g", "price": "$4.00", "price_calculation": "$2.00 per 100g", "category": "Winter Essentials"},
{"title": "Lean Cuisine Sundried Tomato & Chicken | 375g", "price": "$7.00", "price_calculation": "$1.87 per 100g", "category": "Frozen"},
{"title": "Panadol Children's Chewable  7+ Years | 12 Pack", "price": "$6.85", "price_calculation": "$0.57 per 1ea", "category": "Winter Essentials"},
{"title": "Ben & Jerrys Topped PB Overtop | 436mL", "price": "$7.25", "price_calculation": "$1.66 per 100mL", "category": "Frozen"},
{"title": "Vicks VapoRub Ointment Decongestant Chest Rub | 50g", "price": "$8.00", "price_calculation": "$16.00 per 100g", "category": "Winter Essentials"},
{"title": "McCain Lil Pizzas Ham & Pineapple 4 Pack | 400g", "price": "$7.80", "price_calculation": "$1.95 per 100g", "category": "Frozen"},
{"title": "Strepsils Extra Honey and Lemon Fast Numbing Sore Throat Pain Relief with Anaesthetic 16 Lozenges | 1 Pack", "price": "$9.00", "price_calculation": "$9.00 per 1ea", "category": "Winter Essentials"},
{"title": "Peters Life Savers Ice Cream 8 pack | 530mL", "price": "$8.00", "price_calculation": "$1.51 per 100mL", "category": "Frozen"},
{"title": "Brunnings Organic Plus & Citrus Food | 2.5kg", "price": "$16.00", "price_calculation": "$6.40 per 1kg", "category": "Household"},
{"title": "Coles Lamb Rack Roast | approx 900g", "price": "$31.50", "price_calculation": "$35.00 per 1kg", "category": "Winter Essentials"},
{"title": "Connoisseur Ice Cream Vanilla Caramel Brownie | 1L", "price": "$9.00", "price_calculation": "$0.90 per 100mL", "category": "Frozen"},
{"title": "Tradie Lady Diamond Aussie Fit Bikini Size 10/12 | 3 pack", "price": "$16.00", "price_calculation": "$5.33 per 1ea", "category": "Household"},
{"title": "Jim Beam Zero Sugar Cola Cans 375mL | 24 Pack", "price": "$90.00", "price_calculation": "$10.00 per 1L", "category": "Winter Essentials"},
{"title": "Streets Paddle Pop Rainbow | 544mL", "price": "$9.00", "price_calculation": "$1.65 per 100mL", "category": "Frozen"},
{"title": "Tradie Lady Diamond Aussie Fit Bikini Size 14/16 | 3 pack", "price": "$16.00", "price_calculation": "$5.33 per 1ea", "category": "Household"},
{"title": "Tinnies Hazy Pale Can 375mL | 24 Pack", "price": "$61.00", "price_calculation": "$6.78 per 1L", "category": "Winter Essentials"},
{"title": "Reese's Twin Pack Peanut Butter & Chocolate 4 Pack | 360mL", "price": "$9.00", "price_calculation": "$2.50 per 100mL", "category": "Frozen"},
{"title": "Tradie Lady Diamond Hi-Cut Size 10/12 | 3 pack", "price": "$16.00", "price_calculation": "$5.33 per 1ea", "category": "Household"},
{"title": "Coles Ibuprofen Tablets 200mg | 24 pack", "price": "$1.55", "price_calculation": "$0.06 per 1ea", "category": "Winter Essentials"},
{"title": "Cadbury Dairy Milk Ice Cream Caramilk | 460mL", "price": "$12.00", "price_calculation": "$2.61 per 100mL", "category": "Frozen"},
{"title": "Tradie Lady Diamond Hi-Cut Size 14/16 | 3 pack", "price": "$16.00", "price_calculation": "$5.33 per 1ea", "category": "Household"},
{"title": "Glen 20 On The Go Wipes Lemon | 30 pack", "price": "$2.85", "price_calculation": "$0.10 per 1ea", "category": "Winter Essentials"},
{"title": "Birds Eye Snap Frozen Carrot Cauliflower Broccoli & Bean | 500g", "price": "$4.00", "price_calculation": "$8.00 per 1kg", "category": "Frozen"},
{"title": "NRG 1.2M USB C To C - Black | 1 pack", "price": "$16.00", "price_calculation": "$16.00 per 1ea", "category": "Household"},
{"title": "Coles Perform Chicken Kale & Quinoa Soup | 400g", "price": "$5.00", "price_calculation": "$1.25 per 100g", "category": "Winter Essentials"},
{"title": "Bulla Choc Fudge Ice Cream 8Pack | 600mL", "price": "$4.00", "price_calculation": "$0.67 per 100mL", "category": "Frozen"},
{"title": "Duracell Lithium 2016 Battery | 4 pack", "price": "$16.50", "price_calculation": "$4.13 per 1ea", "category": "Household"},
{"title": "Red Tractor Wheat Free Rolled Oats | 600g", "price": "$6.80", "price_calculation": "$1.13 per 100g", "category": "Winter Essentials"},
{"title": "Birds Eye Frozen Crunchy Crumb Fish Cakes 6 pack | 300g", "price": "$4.40", "price_calculation": "$14.67 per 1kg", "category": "Frozen"},
{"title": "Mirabella Led Gls ES 14W 1400LUM 2700K Warm White | 2 pack", "price": "$16.50", "price_calculation": "$8.25 per 1ea", "category": "Household"},
{"title": "Bega Cream Cheese Spread Original | 500g", "price": "$7.00", "price_calculation": "$14.00 per 1kg", "category": "Winter Essentials"},
{"title": "Bulla Creamy Classic Ice Cream Sticks Vanilla 4 Pack | 360mL", "price": "$5.20", "price_calculation": "$1.44 per 100mL", "category": "Frozen"},
{"title": "Mirabella Led Gls ES 14W 1400LUM 4000K Cool White | 2 pack", "price": "$16.50", "price_calculation": "$8.25 per 1ea", "category": "Household"},
{"title": "Centrum Advance 50+ Multivitamin Tablets | 60 pack", "price": "$9.50", "price_calculation": "$15.83 per 100ea", "category": "Winter Essentials"},
{"title": "Amor All Matte Protectant | 250mL", "price": "$16.50", "price_calculation": "$6.60 per 100mL", "category": "Household"},
{"title": "Mayver's Smooth Peanut Butter | 750g", "price": "$9.80", "price_calculation": "$1.31 per 100g", "category": "Winter Essentials"},
{"title": "Duracell Coppertop C4 Batteries | 4 pack", "price": "$16.50", "price_calculation": "$4.13 per 1ea", "category": "Household"},
{"title": "Strepsils Sore Throat Sugar Free Antibacterial Lemon 36 Lozenges | 1 pack", "price": "$12.00", "price_calculation": "$12.00 per 1ea", "category": "Winter Essentials"},
{"title": "Bushman Naturals Insect Repellent | 145mL", "price": "$17.00", "price_calculation": "$11.72 per 100mL", "category": "Household"},
{"title": "Dilmah Extra Strength Pure Ceylon Bags 200 Pack | 480g", "price": "$12.50", "price_calculation": "$0.06 per 1ea", "category": "Winter Essentials"},
{"title": "Sistema Ultra Container 1.9L | 1 each", "price": "$17.00", "price_calculation": "$17.00 per 1ea", "category": "Household"},
{"title": "Sistema Hydrate Tritan Flip Top Bottle 1L | 1 each", "price": "$17.00", "price_calculation": "$17.00 per 1ea", "category": "Household"},
{"title": "Green Nation Fragranced Reed Diffuser | 80mL", "price": "$17.00", "price_calculation": "$2.13 per 10mL", "category": "Household"},
{"title": "Green Nation Fragranced Reed Diffuser Rainforest | 80mL", "price": "$17.00", "price_calculation": "$2.13 per 10mL", "category": "Household"},
{"title": "Cuteitos Rainbowitos | 1 each", "price": null, "price_calculation": null, "category": "Household"},
{"title": "Mortein Peaceful Nights Mozzie Zapper Refill | 2.57mL", "price": "$17.50", "price_calculation": "$680.93 per 100mL", "category": "Household"},
{"title": "Mortein Peaceful Nights Mosquito & Fly Plug Prime Pack | 25mL", "price": "$17.50", "price_calculation": "$17.50 per 1ea", "category": "Household"},
{"title": "Mortein Peaceful nights Mosquito & Fly Plug Refill Pack | 45mL", "price": "$17.50", "price_calculation": "$17.50 per 1ea", "category": "Household"},
{"title": "Mortein Power Gard Crawling Insect Surface Spray | 350g", "price": "$17.50", "price_calculation": "$5.00 per 100g", "category": "Household"},
{"title": "Yates Zero Weedkiller | 750mL", "price": "$17.50", "price_calculation": "$23.33 per 1L", "category": "Household"},
{"title": "Goodbasics Sneaker Care Kit | 1 pack", "price": "$17.50", "price_calculation": "$17.50 per 1ea", "category": "Household"},
{"title": "Mortein Easy Reach | 350g", "price": "$17.50", "price_calculation": "$5.00 per 100g", "category": "Household"},
{"title": "Mortein Naturegard Easy Reach Crawling Insect Killer | 320g", "price": "$17.50", "price_calculation": "$5.47 per 100g", "category": "Household"},
{"title": "Maseur Men's Heel and Arch Support | 1 pair", "price": "$17.95", "price_calculation": "$17.95 per 1ea", "category": "Household"},
{"title": "Maseur Footcare Work Insoles | 1 pack", "price": "$17.95", "price_calculation": "$17.95 per 1ea", "category": "Household"},
{"title": "Armor All Protect Gloss Wipes | 30 pack", "price": "$18.00", "price_calculation": "$0.60 per 1ea", "category": "Household"},
{"title": "Armor All Glass Wipes | 30 pack", "price": "$18.00", "price_calculation": "$0.60 per 1ea", "category": "Household"},
{"title": "Airwick Le Prime Cherry Blossom Refill Triple | 3 pack", "price": "$18.00", "price_calculation": "$31.58 per 100mL", "category": "Household"},
{"title": "Cook & Dine Aluminium Frypan 24cm | 1 each", "price": "$18.00", "price_calculation": "$18.00 per 1ea", "category": "Household"},
{"title": "Vtech Drive And Discover Baby Keys | 1 each", "price": "$18.00", "price_calculation": "$18.00 per 1ea", "category": "Household"},
{"title": "NRG 2M USB-C To C - Black | 1 pack", "price": "$18.00", "price_calculation": "$18.00 per 1ea", "category": "Household"},
{"title": "NRG 2M USB-C To C - Black Braided | 1 each", "price": "$18.00", "price_calculation": "$18.00 per 1ea", "category": "Household"},
{"title": "Disney Princess Doll Assortment | 1 each", "price": null, "price_calculation": null, "category": "Household"},
{"title": "Dettol Multipurpose Wipes Apple | 220 pack", "price": "$18.00", "price_calculation": "$0.08 per 1ea", "category": "Household"},
{"title": "Vtech Drive And Discover Baby Keys | 1 each", "price": "$19.00", "price_calculation": "$19.00 per 1ea", "category": "Household"},
{"title": "Command Mixed Wall Hooks Value Pack White | 8 pack", "price": "$19.00", "price_calculation": "$2.38 per 1ea", "category": "Household"},
{"title": "Outdoor Life 9 Can Zipperless Cooler | 1 each", "price": "$19.20", "price_calculation": null, "category": "Household"},
{"title": "Pyrex Cook & Go Glass Container 1.7L | 1 each", "price": "$19.50", "price_calculation": "$19.50 per 1ea", "category": "Household"},
{"title": "Armor All Extreme Tyre And Shine | 350g", "price": "$19.50", "price_calculation": "$5.57 per 100g", "category": "Household"},
{"title": "Urbanworx Hair Dryer & Straightener Travel Set | 1 each", "price": "$29.99", "price_calculation": "$29.99 per 1ea", "category": "Household"},
{"title": "Sard Wonder Stain Remover | 1.8kg", "price": "$20.00", "price_calculation": "$11.11 per 1kg", "category": "Household"},
{"title": "Golf Manual Umbrella Black/white | 1 each", "price": null, "price_calculation": null, "category": "Household"},
{"title": "Golf Manual Umbrella Blue/ White | 1 each", "price": null, "price_calculation": null, "category": "Household"},
{"title": "Mortein Power Gard Automatic Insect Control Refill | 154g", "price": "$20.00", "price_calculation": "$12.99 per 100g", "category": "Household"},
{"title": "Roundup Natural Weedkiller | 1L", "price": "$20.00", "price_calculation": "$20.00 per 1L", "category": "Household"},
{"title": "Our Pure Planet Lightening 1M Cable | 1 each", "price": "$14.70", "price_calculation": "$14.70 per 1ea", "category": "Household"},
{"title": "Decor Insulated Double Wall Stainless Steel Tumbler 450mL | 1 each", "price": "$14.70", "price_calculation": "$14.70 per 1ea", "category": "Household"},
{"title": "3 Tier Slim Storage Cart | 1 each", "price": "$19.99", "price_calculation": "$19.99 per 1ea", "category": "Household"},
{"title": "Coles 3 in 1 Indoor Outdoor & Garden Surface Spray | 2L", "price": "$15.00", "price_calculation": "$0.75 per 100mL", "category": "Household"},
{"title": "Organic Choice Coconut & Lime Candle | 1 each", "price": "$15.00", "price_calculation": "$15.00 per 1ea", "category": "Household"},
{"title": "Aerogard Odourless Insect Repellent Spray | 250mL", "price": "$15.00", "price_calculation": "$6.00 per 100mL", "category": "Household"},
{"title": "Glade Sense & Spray Automatic Air Freshener Sheer Vanilla Embrace | 1 each", "price": "$15.00", "price_calculation": "$15.00 per 1ea", "category": "Household"},
{"title": "Mix Opaque Tights 70 Denier Black Tall/X-Tall | 3 pack", "price": "$15.00", "price_calculation": "$5.00 per 1ea", "category": "Household"},
{"title": "Aerogard Fabric Insect Repellent Odourless | 150g", "price": "$15.00", "price_calculation": "$10.00 per 100g", "category": "Household"},
{"title": "Grillman BBQ Digital Flip Tip Thermometer | 1 each", "price": "$15.00", "price_calculation": "$15.00 per 1ea", "category": "Household"},
{"title": "Sharpie Colour Burst | 24 pack", "price": "$15.00", "price_calculation": "$0.63 per 1ea", "category": "Household"},
{"title": "Bonds Womens Sport Tech No Show 8+ | 2 pack", "price": "$15.00", "price_calculation": null, "category": "Household"},
{"title": "Curtis Stone Heavy Duty Tongs | 1 each", "price": "$15.00", "price_calculation": "$15.00 per 1ea", "category": "Household"},
{"title": "Aerogard Naturals Repellent Spray | 175g", "price": "$15.00", "price_calculation": "$8.57 per 100mL", "category": "Household"},
{"title": "Master Lock Diamond Padlock Long Shackle 40mm | 1 each", "price": "$15.00", "price_calculation": "$15.00 per 1ea", "category": "Household"},
{"title": "Clio Bamboo Eco Midi Black/Nude 8/10 & 10/12 | 2 pack", "price": "$15.00", "price_calculation": null, "category": "Household"},
{"title": "Ajax Anti-Bacterial Vanilla Berries | 220 pack", "price": null, "price_calculation": null, "category": "Household"},
{"title": "Moki Go Wall Charger 1x2.4Amp (2.4Amp Total) | 1 each", "price": "$15.00", "price_calculation": "$15.00 per 1ea", "category": "Household"},
{"title": "Moki Go Car Charger 1x2.4Amp (2.4Amp Total) | 1 each", "price": "$15.00", "price_calculation": "$15.00 per 1ea", "category": "Household"},
{"title": "MasterChef Apron | 1 each", "price": "$15.00", "price_calculation": "$15.00 per 1ea", "category": "Household"},
{"title": "NRG USB-C To Aux Adapter | 1 each", "price": "$15.00", "price_calculation": "$15.00 per 1ea", "category": "Household"},
{"title": "Fila Fxt Fit Ball 65cm | 1 each", "price": "$15.00", "price_calculation": "$15.00 per 1ea", "category": "Household"},
{"title": "Fila Fxt Pilates Ring | 1 each", "price": "$15.00", "price_calculation": "$15.00 per 1ea", "category": "Household"},
{"title": "Fila Fxt Therapy Roller | 1 each", "price": "$15.00", "price_calculation": "$15.00 per 1ea", "category": "Household"},
{"title": "Player Golf Ball | 12 pack", "price": "$15.00", "price_calculation": "$1.25 per 1ea", "category": "Household"},
{"title": "Botanica By Air Wick Vanilla & Himalayan Magnolia Automatic Spray Refill | 224mL", "price": "$15.00", "price_calculation": "$0.67 per 10mL", "category": "Household"},
{"title": "Botanica Air Wick Jasmine & Sri Lankan Cinnamon Leaf Automatic Spray Refill | 224mL", "price": "$15.00", "price_calculation": "$0.67 per 10mL", "category": "Household"},
{"title": "Botanica By Air Wick Caribbean Vetiver & Sandalwood Automatic Spray Refill | 224mL", "price": "$15.00", "price_calculation": "$0.67 per 10mL", "category": "Household"},
{"title": "Botanica By Air Wick Moroccan Mint & Pink Grapefruit Automatic Spray Refill | 224mL", "price": "$15.00", "price_calculation": "$0.67 per 10mL", "category": "Household"},
{"title": "Miirabella Ed GLS BC 11W 1000LUM 2700K Warm White A60 | 2 pack", "price": null, "price_calculation": null, "category": "Household"},
{"title": "Miirabella Led GLS BC 11W 1000LUM 4000K Cool White Brand A60 | 2 pack", "price": null, "price_calculation": null, "category": "Household"},
{"title": "Selleys Storm | 75g", "price": "$15.30", "price_calculation": "$204.03 per 1kg", "category": "Household"},
{"title": "Armor All Chamois | 1 each", "price": "$15.50", "price_calculation": "$15.50 per 1ea", "category": "Household"},
{"title": "Duracell Lithium 3V CR123 Battery | 1 pack", "price": "$15.75", "price_calculation": "$15.75 per 1ea", "category": "Household"},
{"title": "Thankyou Universal Cleaner Fragrance Free Refill | 1L", "price": "$15.95", "price_calculation": "$1.60 per 100mL", "category": "Household"},
{"title": "Lego City | 1 each", "price": "$16.00", "price_calculation": null, "category": "Household"},
{"title": "Organic Choice Reed Diffuser West Indian Lime & Coconut | 50mL", "price": "$16.00", "price_calculation": "$3.20 per 10mL", "category": "Household"},
{"title": "Cook & Dine Red Wine Glasses | 4 pack", "price": "$16.00", "price_calculation": "$4.00 per 1ea", "category": "Household"},
{"title": "Cook & Dine Stemless Wine Glasses | 4 pack", "price": "$16.00", "price_calculation": null, "category": "Household"},
{"title": "Sistema Hydrate Tritan Adventum Bottle | 900mL", "price": "$16.00", "price_calculation": "$1.78 per 100mL", "category": "Household"},
{"title": "Mirabella 120 Solar Led Fairy Lights | 1 each", "price": "$16.00", "price_calculation": "$16.00 per 1ea", "category": "Household"},
{"title": "Mirabella 10 Solar Led Mini Festoon Lights | 1 pack", "price": "$16.00", "price_calculation": "$16.00 per 1ea", "category": "Household"},
{"title": "Brunnings Organic All Purpose Plant Food | 2.5kg", "price": "$16.00", "price_calculation": "$6.40 per 1kg", "category": "Household"},
{"title": "Cook & Dine Textured Hiball Glasses | 4 pack", "price": "$16.00", "price_calculation": "$4.00 per 1ea", "category": "Household"},
{"title": "Smash Blue Stainless Steel Mini Pots | 3 pack", "price": "$16.00", "price_calculation": "$5.33 per 1ea", "category": "Household"},
{"title": "CUB Zip Coverall Yellow | 2 pack", "price": "$16.00", "price_calculation": "$8.00 per 1ea", "category": "Household"},
{"title": "Cook & Dine Ribbed Low Ball Glasses | 4 pack", "price": "$16.00", "price_calculation": null, "category": "Household"},
{"title": "Brunnings Green Up Lawn Food | 2.5kg", "price": "$16.00", "price_calculation": "$6.40 per 1kg", "category": "Household"},
{"title": "Coles Deli Meredith Dairy Dill Chevre | 150g", "price": "$9.00", "price_calculation": "$60.00 per 1kg", "category": "Deli"},
{"title": "Coles Continental Platter | 200g", "price": "$16.00", "price_calculation": "$80.00 per 1kg", "category": "Deli"},
{"title": "Zafarelli Penne Rigati Pasta No 18 | 500g", "price": "$1.85", "price_calculation": "$0.37 per 100g", "category": "Pantry"},
{"title": "Coles Australian Made Short Cut Bacon From The Deli | approx 125g", "price": "$2.81", "price_calculation": "$22.50 per 1kg", "category": "Deli"},
{"title": "Loacker Quadratini Wafers Biscuits Double Choc | 125g", "price": "$1.90", "price_calculation": "$1.52 per 100g", "category": "Pantry"},
{"title": "Coles Deli Thawed Australian Cooked Black Tiger Prawns Extra Large | approx 250g", "price": "$9.00", "price_calculation": "$36.00 per 1kg", "category": "Deli"},
{"title": "Campbell's Country Ladle Soup Can Butternut Pumpkin | 505g", "price": "$2.25", "price_calculation": "$0.45 per 100g", "category": "Pantry"},
{"title": "Tetley Extra Strong Black Tea Bags 100 pack | 200g", "price": "$4.60", "price_calculation": "$0.05 per 1ea", "category": "Winter Essentials"},
{"title": "Coles Sweet Symphony Platter | 1 each", "price": "$40.00", "price_calculation": "$40.00 per 1ea", "category": "Deli"},
{"title": "Pringles Cheese Potato Chips | 134g", "price": "$2.50", "price_calculation": "$1.87 per 100g", "category": "Pantry"},
{"title": "Cadbury Instant Hot Chocolate Blend 6x25g | 6 pack", "price": "$6.00", "price_calculation": "$1.00 per 1ea", "category": "Winter Essentials"},
{"title": "Aphrodite Haloumi By Will Studd | approx 100g", "price": "$5.10", "price_calculation": "$51.00 per 1kg", "category": "Deli"},
{"title": "Doritos Corn Chips Nacho Cheese Share Pack | 170g", "price": "$3.35", "price_calculation": "$1.97 per 100g", "category": "Pantry"},
{"title": "Vegeta Real Gourmet Stock | 500g", "price": "$6.50", "price_calculation": "$1.30 per 100g", "category": "Winter Essentials"},
{"title": "Coles Crumb & Cook Coconut & Kaffir Lime | 30g", "price": "$1.50", "price_calculation": "$50.02 per 1kg", "category": "Deli"},
{"title": "Cadbury Old Gold Roast Almond Dark Chocolate Block | 180g", "price": "$3.85", "price_calculation": "$2.14 per 100g", "category": "Pantry"},
{"title": "Grinders Caffe Crema Coffee | 1kg", "price": "$24.50", "price_calculation": "$2.45 per 100g", "category": "Winter Essentials"},
{"title": "OB Finest Mango Fruit Paste | 100g", "price": "$4.50", "price_calculation": "$4.50 per 100g", "category": "Deli"},
{"title": "Indo Mie Mi Goreng Hot & Spicy Instant 5 Pack | 425g", "price": "$3.95", "price_calculation": "$0.93 per 100g", "category": "Pantry"},
{"title": "Just Pink Gin Soda 330mL | 4 Pack", "price": "$19.00", "price_calculation": "$14.39 per 1L", "category": "Winter Essentials"},
{"title": "Coles Quiche Lorraine | 180g", "price": "$5.00", "price_calculation": "$2.78 per 100g", "category": "Deli"},
{"title": "Leggo's Pizza Sauce Squeezy Tomato Paste | 400g", "price": "$4.00", "price_calculation": "$1.00 per 100g", "category": "Pantry"},
{"title": "Hennessy VS Cognac 700mL | 1 Each", "price": "$75.00", "price_calculation": null, "category": "Winter Essentials"},
{"title": "Yarra Valley Cheese Salted Honey Cow Cheese | 120g", "price": "$5.90", "price_calculation": "$49.17 per 1kg", "category": "Deli"},
{"title": "Nestle KitKat Milkybar White Chocolate Fun Pack | 154g", "price": "$5.50", "price_calculation": "$3.57 per 100g", "category": "Pantry"},
{"title": "Wirra Wirra Church Block Red Blend 750mL | 1 Each", "price": "$25.00", "price_calculation": "$33.33 per 1L", "category": "Winter Essentials"},
{"title": "La Panzanella Mini Croccintini Original | 85g", "price": "$5.90", "price_calculation": "$6.94 per 100g", "category": "Deli"},
{"title": "Coles Canola Oil | 2L", "price": "$7.40", "price_calculation": "$0.37 per 100mL", "category": "Pantry"},
{"title": "Balter XPA Can 375mL | 16 Pack", "price": "$60.00", "price_calculation": "$1.00 per 100mL", "category": "Winter Essentials"},
{"title": "Coles Deli Salads Tub Large Classic Potato | 1 each", "price": "$6.00", "price_calculation": "$6.00 per 1ea", "category": "Deli"},
{"title": "Cadbury Dairy Milk Chocolate Roll Pack | 55g", "price": "$1.00", "price_calculation": "$1.82 per 100g", "category": "Pantry"},
{"title": "Bundaberg UP & Cola Can 375mL | 24 Pack", "price": "$94.00", "price_calculation": "$1.04 per 100mL", "category": "Winter Essentials"},
{"title": "Ricci's Bikkies Garlic Olive & Parmesan | 120g", "price": "$6.90", "price_calculation": "$5.75 per 100g", "category": "Deli"},
{"title": "Coles Microwave Rice Basmati | 250g", "price": "$1.75", "price_calculation": "$0.70 per 100g", "category": "Pantry"},
{"title": "Oxo Beef Stock Cubes | 71g", "price": "$2.30", "price_calculation": "$0.32 per 10g", "category": "Winter Essentials"},
{"title": "Coles Deli Large Greek Salad | 1 each", "price": "$7.00", "price_calculation": "$7.00 per 1ea", "category": "Deli"},
{"title": "Arnott's Nice Plain Biscuits | 250g", "price": "$2.00", "price_calculation": "$0.80 per 100g", "category": "Pantry"},
{"title": "La Zuppa Pouch Roasted Pumpkin Soup | 540g", "price": "$3.00", "price_calculation": "$0.56 per 100g", "category": "Winter Essentials"},
{"title": "Maggie Beer Pheasant Farm Pate | 120g", "price": "$7.30", "price_calculation": "$6.08 per 100g", "category": "Deli"},
{"title": "Old El Paso Spice Mix For Tacos Mild | 30g", "price": "$3.00", "price_calculation": "$10.00 per 100g", "category": "Pantry"},
{"title": "Continental Cup A Soup Chicken Noodle Soup Serves 4 | 40g", "price": "$3.00", "price_calculation": "$7.50 per 100g", "category": "Winter Essentials"},
{"title": "Artisan Muscatels On Vine | 100g", "price": "$9.50", "price_calculation": "$95.00 per 1kg", "category": "Deli"},
{"title": "Doritos Corn Chips Fire & Fury Pizza | 150g", "price": "$3.35", "price_calculation": "$2.23 per 100g", "category": "Pantry"},
{"title": "Tip Top Multigrain English Muffins 6 Pack | 400g", "price": "$3.00", "price_calculation": "$0.75 per 100g", "category": "Winter Essentials"},
{"title": "Coles Finest Tasmanian Goats Cheese | 300g", "price": "$10.70", "price_calculation": "$35.67 per 1kg", "category": "Deli"},
{"title": "Uncle Tobys Chewy Bars Choc Chip | 185g", "price": "$3.50", "price_calculation": "$1.89 per 100g", "category": "Pantry"},
{"title": "Coles Ultra Surface Spray Disinfectant Spring Fresh | 300g", "price": "$4.00", "price_calculation": "$1.33 per 100g", "category": "Winter Essentials"},
{"title": "Quaranta Soft Nougat Cake Country Berries | 165g", "price": "$11.00", "price_calculation": "$6.67 per 100g", "category": "Deli"},
{"title": "Arnott's Family Pack Tim Tam Biscuits | 365g", "price": "$5.50", "price_calculation": "$1.51 per 100g", "category": "Pantry"},
{"title": "Taylors of Harrogate Yorkshire Black Tea Bags 100 pack | 220g", "price": "$5.60", "price_calculation": "$0.06 per 1ea", "category": "Winter Essentials"},
{"title": "Coles Smoked Pork Bones | approx 1kg", "price": "$13.50", "price_calculation": "$13.50 per 1kg", "category": "Deli"},
{"title": "Lifesavers Stix Sherbert Fizz Raspberry | 220g", "price": "$2.00", "price_calculation": "$0.91 per 100g", "category": "Pantry"},
{"title": "Tetley Decaffeinated Black Tea Bags 100 pack | 185g", "price": "$6.90", "price_calculation": "$0.07 per 1ea", "category": "Winter Essentials"},
{"title": "Coles Mediterranean Table Platter | 1 each", "price": "$35.00", "price_calculation": "$35.00 per 1ea", "category": "Deli"},
{"title": "MasterFoods Finely Crushed Garlic | 170g", "price": "$2.50", "price_calculation": "$0.15 per 10g", "category": "Pantry"},
{"title": "Coles Pure Australian Honey Squeeze | 500g", "price": "$7.20", "price_calculation": "$1.44 per 100g", "category": "Winter Essentials"},
{"title": "Coles Signature Grazing Platter | 1 each", "price": "$55.00", "price_calculation": "$55.00 per 1ea", "category": "Deli"},
{"title": "Coles Extra Virgin Olive Oil Spray | 150g", "price": "$2.55", "price_calculation": "$1.70 per 100g", "category": "Pantry"},
{"title": "Beechworth Pure Australian Honey Squeeze | 400g", "price": "$7.50", "price_calculation": "$1.88 per 100g", "category": "Winter Essentials"},
{"title": "Coles Finest Red Leicester | approx 150g", "price": "$8.25", "price_calculation": "$55.00 per 1kg", "category": "Deli"},
{"title": "Arnott's Salada Wholemeal Crispbread | 250g", "price": "$3.00", "price_calculation": "$1.20 per 100g", "category": "Pantry"},
{"title": "Lindt Hot Chocolate Flake Milk Tin | 210g", "price": "$8.00", "price_calculation": "$3.81 per 100g", "category": "Winter Essentials"},
{"title": "Coles Deli Salad Tubs Snack Quinoa Tabouleah Salad | 1 each", "price": "$3.00", "price_calculation": "$3.00 per 1ea", "category": "Deli"},
{"title": "Coles Pitted Dates | 500g", "price": "$1.85", "price_calculation": "$3.70 per 1kg", "category": "Pantry"},
{"title": "Coles Pure Australian Honey | 1kg", "price": "$12.50", "price_calculation": "$1.25 per 100g", "category": "Winter Essentials"},
{"title": "Coles Deli Express Lemon & Garlic Sicilian Olives | 110g", "price": "$3.50", "price_calculation": "$31.82 per 1kg", "category": "Deli"},
{"title": "Nestle KitKat Chunky Packed With Milo Milk Chocolate Bar | 45g", "price": "$2.20", "price_calculation": "$4.89 per 100g", "category": "Pantry"},
{"title": "Twinings Irish Breakfast Tea Bags 100 pack | 200g", "price": "$13.50", "price_calculation": "$0.14 per 1ea", "category": "Winter Essentials"},
{"title": "Provedore Salami Crumb | 100g", "price": "$4.00", "price_calculation": "$40.00 per 1kg", "category": "Deli"},
{"title": "Maltesers Gold Choc Snack & Share Bag | 130g", "price": "$2.50", "price_calculation": "$1.92 per 100g", "category": "Pantry"},
{"title": "Nescafe Gold Original Instant Coffee Jar | 200g", "price": "$15.00", "price_calculation": "$7.50 per 100g", "category": "Winter Essentials"},
{"title": "OB Finest Fig Fruit Paste | 100g", "price": "$4.50", "price_calculation": "$4.50 per 100g", "category": "Deli"},
{"title": "Nestle KitKat Milkybar White Chocolate Block | 160g", "price": "$2.75", "price_calculation": "$1.72 per 100g", "category": "Pantry"},
{"title": "Jordans Simply Crunchy Oat Granola | 750g", "price": "$4.25", "price_calculation": "$0.57 per 100g", "category": "Winter Essentials"},
{"title": "Valley Produce Co. Vegetable Flatbread  Beetroot Artisan Crackers | 130g", "price": "$4.90", "price_calculation": "$3.77 per 100g", "category": "Deli"},
{"title": "Arnott's Clix Crackers | 250g", "price": "$3.00", "price_calculation": "$1.20 per 100g", "category": "Pantry"},
{"title": "Vegeta Gluten Free Real Chicken Stock Powder Canned | 200g", "price": "$4.50", "price_calculation": "$2.25 per 100g", "category": "Winter Essentials"},
{"title": "Valley Produce Co. Flatbread Sea Salt & Sesame Artisan Crackers | 130g", "price": "$4.90", "price_calculation": "$3.77 per 100g", "category": "Deli"},
{"title": "Pic's Really Good Smooth Peanut Butter | 380g", "price": "$7.50", "price_calculation": "$1.97 per 100g", "category": "Pantry"},
{"title": "Gravox Roast Meat Gravy Mix Tin | 120g", "price": "$5.00", "price_calculation": "$4.17 per 100g", "category": "Winter Essentials"},
{"title": "Coles Deli Salad Large Tubs Potato Egg & Bacon | 1 each", "price": "$7.00", "price_calculation": "$7.00 per 1ea", "category": "Deli"},
{"title": "Coles Chocolate Cream Wafers | 125g", "price": "$0.80", "price_calculation": "$0.64 per 100g", "category": "Pantry"},
{"title": "Dari's Pea & Ham Soup | 550g", "price": "$5.50", "price_calculation": "$1.00 per 100g", "category": "Winter Essentials"},
{"title": "Coles Finest Australian Artisan Crispbread With Olive Oil And Sea Salt | 150g", "price": "$7.00", "price_calculation": "$4.67 per 100g", "category": "Deli"},
{"title": "Coles Minced Garlic | 500g", "price": "$2.30", "price_calculation": "$0.05 per 10g", "category": "Pantry"},
{"title": "Uncle Tobys Oats Quick Sachets Breakfast Cereal Original Big Bowl | 368g", "price": "$5.80", "price_calculation": "$1.58 per 100g", "category": "Winter Essentials"},
{"title": "OB Finest Double Pack | 160g", "price": "$8.00", "price_calculation": "$5.00 per 100g", "category": "Deli"},
{"title": "Coles Cooking Salt | 2 kg", "price": "$2.70", "price_calculation": "$0.01 per 10g", "category": "Pantry"},
{"title": "Nescafe Strong Cappuccino Coffee Sachets | 10 pack", "price": "$7.60", "price_calculation": "$0.76 per 1ea", "category": "Winter Essentials"},
{"title": "Yarra Valley Cheese Goats Cheese | 120g", "price": "$8.20", "price_calculation": "$68.33 per 1kg", "category": "Deli"},
{"title": "Coles Long Grain White Rice | 2kg", "price": "$2.80", "price_calculation": "$0.14 per 100g", "category": "Pantry"},
{"title": "Nescafe Cappuccino Coffee Sachets | 26 Pack", "price": "$11.00", "price_calculation": "$0.42 per 1ea", "category": "Winter Essentials"},
{"title": "Artisan Whole Dried Cranberries | 100g", "price": "$9.00", "price_calculation": "$90.00 per 1kg", "category": "Deli"},
{"title": "Smith's Sweet Chilli And Sour Cream Thinly Cut Potato Chips | 175g", "price": "$3.00", "price_calculation": "$1.71 per 100g", "category": "Pantry"},
{"title": "Coles Pure Australian Honey Squeeze | 1kg", "price": "$13.75", "price_calculation": "$1.38 per 100g", "category": "Winter Essentials"},
{"title": "Coles Deli Meredith Dairy Ash Chevre | 150g", "price": "$9.00", "price_calculation": "$60.00 per 1kg", "category": "Deli"},
{"title": "Sour Patch Kids Lollies | 190g", "price": "$4.00", "price_calculation": "$2.11 per 100g", "category": "Pantry"},
{"title": "Baileys Australian Rivermint Chocolate Liqueur 700mL | 1 Each", "price": "$29.00", "price_calculation": "$41.43 per 1L", "category": "Winter Essentials"},
{"title": "Ob Finest 3 Cheese Crisps With Chilli | 85g", "price": "$9.40", "price_calculation": "$11.06 per 100g", "category": "Deli"},
{"title": "S & B Golden Curry Medium Hot Sauce Mix | 92g", "price": "$4.00", "price_calculation": "$4.35 per 100g", "category": "Pantry"},
{"title": "Coles Liquid Real Stock Vegetable | 1L", "price": "$1.90", "price_calculation": "$0.19 per 100mL", "category": "Winter Essentials"},
{"title": "Delicias Quince Paste | 240g", "price": "$10.00", "price_calculation": "$4.17 per 100g", "category": "Deli"},
{"title": "Soothers Butter-Menthol Medicated Throat Lozenges | 3 pack", "price": "$5.00", "price_calculation": "$5.00 per 1ea", "category": "Pantry"},
{"title": "Coles Smooth Peanut Butter | 500g", "price": "$3.80", "price_calculation": "$0.76 per 100g", "category": "Winter Essentials"},
{"title": "Coles Deli Salads Tub Jumbo Classic Potato | 1 each", "price": "$10.00", "price_calculation": "$10.00 per 1ea", "category": "Deli"},
{"title": "Red Rock Deli Sea Salt & Bal Vinegar Potato Chips | 165g", "price": "$6.30", "price_calculation": "$3.82 per 100g", "category": "Pantry"},
{"title": "Wild Turkey & Cola 101 Can 375mL | 10 Pack", "price": "$62.00", "price_calculation": "$16.53 per 1L", "category": "Winter Essentials"},
{"title": "Coles Deli Salads Tub Jumbo Classic Pasta | 1 each", "price": "$10.00", "price_calculation": "$10.00 per 1ea", "category": "Deli"},
{"title": "Coles Desiccated Coconut | 500g", "price": "$2.80", "price_calculation": "$5.60 per 1kg", "category": "Pantry"},
{"title": "-196 Double Grape 6% Can 330mL | 10 Pack", "price": "$49.00", "price_calculation": "$14.85 per 1L", "category": "Winter Essentials"},
{"title": "Coles Deli Salads Tub Jumbo Classic Coleslaw | 1 each", "price": "$10.00", "price_calculation": "$10.00 per 1ea", "category": "Deli"},
{"title": "Coles Aust Peanuts Salted | 375g", "price": "$3.00", "price_calculation": "$8.00 per 1kg", "category": "Pantry"},
{"title": "Pitango Soup Creamy Pumpkin Coconut | 350g", "price": "$4.75", "price_calculation": "$1.36 per 100g", "category": "Winter Essentials"},
{"title": "Quaranta Nougat Cakes Strawberry & Cream | 165g", "price": "$11.00", "price_calculation": "$6.67 per 100g", "category": "Deli"},
{"title": "Smith's Sour Cream And Onion Thinly Cut Potato Chips | 175g", "price": "$3.00", "price_calculation": "$1.71 per 100g", "category": "Pantry"},
{"title": "Gravox Chicken Gravy Mix | 120g", "price": "$5.00", "price_calculation": "$4.17 per 100g", "category": "Winter Essentials"},
{"title": "Coles Finest Grana Padano DOP | 200g", "price": "$11.50", "price_calculation": "$57.50 per 1kg", "category": "Deli"},
{"title": "Cadbury Dairy Milk Freddo Chocolate Sharepack | 144g", "price": "$3.50", "price_calculation": null, "category": "Pantry"},
{"title": "Strepsils Double Antibacterial  Soothing Sore Throat  Lozenges Honey and Lemon | 16 pack", "price": "$6.00", "price_calculation": "$0.38 per 1ea", "category": "Winter Essentials"},
{"title": "Coles Deli Bulk Pasta Classic Salad | 1 each", "price": "$12.00", "price_calculation": "$12.00 per 1ea", "category": "Deli"},
{"title": "Jarrah Hot Chocolate | 285g", "price": "$8.50", "price_calculation": "$2.98 per 100g", "category": "Winter Essentials"},
{"title": "Coles Deli Salads Tub Bulk Classic Potato | 1 each", "price": "$12.00", "price_calculation": "$12.00 per 1ea", "category": "Deli"},
{"title": "Barossa Valley Wine Co. Gravel Track GSM 750mL | 1 Each", "price": "$18.00", "price_calculation": null, "category": "Winter Essentials"},
{"title": "Ivans Cottage Pie | 600g", "price": "$13.00", "price_calculation": "$2.17 per 100g", "category": "Deli"},
{"title": "Bushells Blue LabelBlack Tea Bags | 100 pack", "price": "$3.85", "price_calculation": "$0.04 per 1ea", "category": "Winter Essentials"},
{"title": "Sanitarium Up&Go Liquid Breakfast Vanilla No Added Sugar Fridge Pack 12X250mL | 3L", "price": "$14.50", "price_calculation": "$4.83 per 1L", "category": "Bonus Cookware Credits"},
{"title": "KB's Deli Thawed MSC WA Cooked Rock Lobster | 1 each", "price": "$27.00", "price_calculation": "$27.00 per 1ea", "category": "Deli"},
{"title": "Gravox Traditional Family Pack Gravy Pouch | 250g", "price": "$4.00", "price_calculation": "$1.60 per 100g", "category": "Winter Essentials"},
{"title": "Colgate Optic White ReneWal Lasting Fresh Teeth Whitening Toothpaste With 3% Hydrogen Peroxide | 85g", "price": "$15.00", "price_calculation": "$17.65 per 100g", "category": "Bonus Cookware Credits"},
{"title": "Red Storm Vintage Red Leicester Cheddar | approx 100g", "price": "$6.90", "price_calculation": "$69.00 per 1kg", "category": "Deli"},
{"title": "Vicks VapoDrops Butter Menthol Lozenges | 24 pack", "price": "$5.00", "price_calculation": "$0.21 per 1ea", "category": "Winter Essentials"},
{"title": "Dove Shampoo Restoring Ritual | 820mL", "price": "$17.00", "price_calculation": "$2.07 per 100mL", "category": "Bonus Cookware Credits"},
{"title": "Coles Crumb & Cook Lemon & Herb | 30g", "price": "$1.50", "price_calculation": "$50.02 per 1kg", "category": "Deli"},
{"title": "Nescafe Vanilla Latte Coffee Sachets | 10 pack", "price": "$7.60", "price_calculation": "$0.76 per 1ea", "category": "Winter Essentials"},
{"title": "Optimum Puppy Dry Dog Food | 3kg", "price": "$22.00", "price_calculation": "$0.73 per 100g", "category": "Bonus Cookware Credits"},
{"title": "Coles Deli Salads Tub Snack Classic Potato | 1 each", "price": "$2.00", "price_calculation": "$2.00 per 1ea", "category": "Deli"},
{"title": "Voost Vitamin C 1000mg 20 Blood Orange Effervescent Tablets | 1 pack", "price": "$7.70", "price_calculation": "$7.70 per 1ea", "category": "Winter Essentials"},
{"title": "I&J The Finest Frozen Salmon Portions Skin On | 500g", "price": "$23.00", "price_calculation": "$46.00 per 1kg", "category": "Bonus Cookware Credits"},
{"title": "Dynamo Profession 7 In 1 Laundry Liquid | 3.6L", "price": "$26.00", "price_calculation": "$7.22 per 1L", "category": "Bonus Cookware Credits"},
{"title": "Breeder's Choice Plus Kitten Litter | 9L", "price": "$15.00", "price_calculation": "$1.67 per 1L", "category": "Pet"},
{"title": "Optimum Adult With Beef Vegetables & Rice Dry Dog Food | 7kg", "price": "$33.50", "price_calculation": "$0.48 per 100g", "category": "Bonus Cookware Credits"},
{"title": "Dine Daily Cat Food Fish Selection 85g | 14 pack", "price": "$15.50", "price_calculation": "$1.41 per 100g", "category": "Pet"},
{"title": "Optimum Dry Dog Food Adult Chicken Vegetable Rice | 7kg", "price": "$33.50", "price_calculation": "$0.48 per 100g", "category": "Bonus Cookware Credits"},
{"title": "Friskies Meaty Grills | 2.5kg", "price": "$16.50", "price_calculation": "$0.66 per 100g", "category": "Pet"},
{"title": "Finish Ultimate All In One Lemon | 72 pack", "price": "$42.00", "price_calculation": "$0.58 per 1ea", "category": "Bonus Cookware Credits"},
{"title": "Friskies Dry Adult Surfin & Turfin Favourites Cat Food | 2.5kg", "price": "$16.50", "price_calculation": "$0.66 per 100g", "category": "Pet"},
{"title": "Finish Ultimate Pro Lemon Dishwash Tablets | 32 pack", "price": "$48.00", "price_calculation": "$1.50 per 1ea", "category": "Bonus Cookware Credits"},
{"title": "Nood Dry Dog Food Cage Free Chicken Recipe With Superfoods | 1.5kg", "price": "$16.50", "price_calculation": "$1.10 per 100g", "category": "Pet"},
{"title": "Coles Finest Australian Organic Double Cream Brie | approx 150g", "price": "$10.50", "price_calculation": "$70.00 per 1kg", "category": "Bonus Cookware Credits"},
{"title": "Friskies Dry Cat Food Adult Indoor Delight | 2.5kg", "price": "$16.50", "price_calculation": "$0.66 per 100g", "category": "Pet"},
{"title": "Maggi Air Fryer Crispy Japanese Style | 45g", "price": "$1.80", "price_calculation": "$4.00 per 100g", "category": "Bonus Cookware Credits"},
{"title": "Woofin Good Chicken With Beef & Kangaroo Mince Dog Food | 3.2kg", "price": "$17.20", "price_calculation": "$0.54 per 100g", "category": "Pet"},
{"title": "Glad Regular Oven Bags 25cm X 38cm | 5 pack", "price": "$2.75", "price_calculation": "$0.55 per 1ea", "category": "Bonus Cookware Credits"},
{"title": "Vitapet Jerhigh Chicken Sticks Dog Treats | 400g", "price": "$20.00", "price_calculation": "$5.00 per 100g", "category": "Pet"},
{"title": "Continental Rice Cheesy | 125g", "price": "$2.80", "price_calculation": "$2.24 per 100g", "category": "Bonus Cookware Credits"},
{"title": "Optimum Adult Grain Free Dry Dog Food With Chicken & Veg | 2.5kg", "price": "$22.00", "price_calculation": "$0.88 per 100g", "category": "Pet"},
{"title": "Sunrice Organic Brown Rice | 250g", "price": "$3.00", "price_calculation": "$1.20 per 100g", "category": "Bonus Cookware Credits"},
{"title": "Purr Cat Food Meat Selection 27x85g | 27 pack", "price": "$22.50", "price_calculation": "$0.98 per 100g", "category": "Pet"},
{"title": "Heinz Beanz BBQ Sauce | 555g", "price": "$3.50", "price_calculation": "$6.31 per 1kg", "category": "Bonus Cookware Credits"},
{"title": "My Dog Classic Loaf With Gourmet Beef 24X100G Wet Dog Food | 24 pack", "price": "$27.00", "price_calculation": "$1.13 per 100g", "category": "Pet"},
{"title": "Philadelphia Portions Cream Cheese Light Spread | 150g", "price": "$4.00", "price_calculation": "$26.67 per 1kg", "category": "Bonus Cookware Credits"},
{"title": "My Dog Classic Loaf With Tender Chicken 24X100G Wet Dog Food | 24 pack", "price": "$27.00", "price_calculation": "$1.13 per 100g", "category": "Pet"},
{"title": "Maggi 2 Minute Wholegrain Beef Flavour Noodles 5 Pack | 335g", "price": "$5.00", "price_calculation": "$1.49 per 100g", "category": "Bonus Cookware Credits"},
{"title": "Dine Classic Collections Pouch Cat Food Fish Selection In Jelly 24x85g | 24 pack", "price": "$28.00", "price_calculation": "$1.37 per 100g", "category": "Pet"},
{"title": "Coles Finest Traditional Lavosh With Sea Salt | 100g", "price": "$5.00", "price_calculation": "$5.00 per 100g", "category": "Bonus Cookware Credits"},
{"title": "Supercoat Adult Large Breed With Chicken Dry Dog Food | 7kg", "price": "$28.00", "price_calculation": "$0.40 per 100g", "category": "Pet"},
{"title": "Glad To Be Green 50% Ocean Plastic Recycled Kitchen Tidy Bags Medium | 26 pack", "price": "$5.50", "price_calculation": "$0.21 per 1ea", "category": "Bonus Cookware Credits"},
{"title": "Optimum Chicken & Rice Dog Food Trays 100g | 24 pack", "price": "$28.50", "price_calculation": "$1.19 per 100g", "category": "Pet"},
{"title": "L'Or Espresso Vanilla Capsules | 10 pack", "price": "$5.50", "price_calculation": "$0.55 per 1ea", "category": "Bonus Cookware Credits"},
{"title": "Purina One Adult Dry Cat Food Indoor With Chicken | 2.8kg", "price": "$35.00", "price_calculation": "$1.25 per 100g", "category": "Pet"},
{"title": "Colgate Minions Extra Soft Toothbrush | 2 pack", "price": "$5.60", "price_calculation": "$2.80 per 1ea", "category": "Bonus Cookware Credits"},
{"title": "Farmers Market Adult Dry Dog Food Beef With Farm Vegetables | 6.8kg", "price": "$38.00", "price_calculation": "$0.56 per 100g", "category": "Pet"},
{"title": "Philadelphia Light Cream Cheese Block | 250g", "price": "$5.70", "price_calculation": "$22.80 per 1kg", "category": "Bonus Cookware Credits"},
{"title": "Pet Treat Bar Carob Peanut Cluster | approx 100g", "price": "$6.00", "price_calculation": "$60.00 per 1kg", "category": "Pet"},
{"title": "Uncle Tobys Ancient Grains Oats | 700g", "price": "$6.50", "price_calculation": "$0.93 per 100g", "category": "Bonus Cookware Credits"},
{"title": "Optimum Puppy Chicken Wet Dog Food Tray | 100g", "price": "$1.80", "price_calculation": "$1.80 per 100g", "category": "Pet"},
{"title": "King Island Dairy Endeavour Blue | approx 100g", "price": "$6.80", "price_calculation": "$68.00 per 1kg", "category": "Deli"},
{"title": "Nescafe Double Shot Latte Sachet | 10 pack", "price": "$7.60", "price_calculation": "$0.76 per 1ea", "category": "Bonus Cookware Credits"},
{"title": "Ultimates Lamb Mince In Gravy Dog Food | 400g", "price": "$2.90", "price_calculation": "$0.73 per 100g", "category": "Pet"},
{"title": "Coles Finest Australian Organic Double Cream Brie | approx 150g", "price": "$10.50", "price_calculation": "$70.00 per 1kg", "category": "Deli"},
{"title": "Dove Restoring Ritual Coconut Oil & Turmeric Conditioner | 320mL", "price": "$7.70", "price_calculation": "$2.41 per 100mL", "category": "Bonus Cookware Credits"},
{"title": "Applaws Taste Toppers Dog Tin Chicken Breast With Vegtables In Broth Dog Food | 156g", "price": "$3.00", "price_calculation": "$1.92 per 100g", "category": "Pet"},
{"title": "King Island Diary Triple Cream Cheese | approx200g", "price": "$15.20", "price_calculation": "$76.00 per 1kg", "category": "Deli"},
{"title": "Rexona Men Antiperspirant Aerosol Advanced Invisible Dry Black & White Deodorant | 220mL", "price": "$8.50", "price_calculation": "$3.86 per 100mL", "category": "Bonus Cookware Credits"},
{"title": "Pedigree Homestyle Lamb Pasta & Vegies Adult Wet Dog Food Can | 700g", "price": "$3.50", "price_calculation": "$0.50 per 100g", "category": "Pet"},
{"title": "King Island Dairy Black Label Blue Triple Cream | approx 100g", "price": "$8.00", "price_calculation": "$80.00 per 1kg", "category": "Deli"},
{"title": "Rexona Antiperspirant Women Deodorant Spray Apple Splash | 220mL", "price": "$8.50", "price_calculation": "$3.86 per 100mL", "category": "Bonus Cookware Credits"},
{"title": "Bow Wow Pals Squeaker Toy Hamburger & Hot Dog | 2 pack", "price": "$3.60", "price_calculation": "$1.80 per 1ea", "category": "Pet"},
{"title": "Don Mild Salami & Cheese Stix | 40g", "price": "$3.00", "price_calculation": "$75.00 per 1kg", "category": "Deli"},
{"title": "Coles Finest Creamy Butter Chicken | 400g", "price": null, "price_calculation": null, "category": "Bonus Cookware Credits"},
{"title": "Golp Gourmet Puree Dog Or Cat Prebotic Topper | 130g", "price": "$4.00", "price_calculation": "$3.08 per 100g", "category": "Pet"},
{"title": "Coles Finest Deli Express Australian Pitted Kalamata With Fennel & Orange | 120g", "price": "$4.00", "price_calculation": "$33.33 per 1kg", "category": "Deli"},
{"title": "Colgate Optic White Expert Stain-Less Teeth Whitening Toothpaste With 2% Hydrogen Peroxide | 85g", "price": "$9.60", "price_calculation": "$11.29 per 100g", "category": "Bonus Cookware Credits"},
{"title": "Bird Munchies Twin Pack Parrot Treat | 180g", "price": "$4.30", "price_calculation": "$2.39 per 100g", "category": "Pet"},
{"title": "Coles Deli Small Greek Salad | 1 each", "price": "$5.00", "price_calculation": "$5.00 per 1ea", "category": "Deli"},
{"title": "Dynamo Profession 7 In 1 Laundry Liquid | 900mL", "price": "$10.00", "price_calculation": "$11.11 per 1L", "category": "Bonus Cookware Credits"},
{"title": "Bird Munchies Cuttlefish Bone | 15g", "price": "$4.80", "price_calculation": "$4.80 per 1ea", "category": "Pet"},
{"title": "Coles Finest Traditional Lavosh With Sea Salt | 100g", "price": "$5.00", "price_calculation": "$5.00 per 100g", "category": "Deli"},
{"title": "Rexona Clinical Protection Shower Clean Antiperspirant Deodorant | 180mL", "price": "$11.00", "price_calculation": "$6.11 per 100mL", "category": "Bonus Cookware Credits"},
{"title": "Dine Fresh And Fine Chunks In Jelly With Chicken & Turkey Cat Food Pouch 6x50g | 6 pack", "price": "$5.00", "price_calculation": "$1.67 per 100g", "category": "Pet"},
{"title": "Hans Striker Mild Salami Sticks | 105g", "price": "$5.10", "price_calculation": "$48.57 per 1kg", "category": "Deli"},
{"title": "Rexona Antiperspirant Men Clinical Protection Clean Scent | 180mL", "price": "$11.00", "price_calculation": "$6.11 per 100mL", "category": "Bonus Cookware Credits"},
{"title": "Farmers Market Dog Treats Australian Kangaroo Jerky Strips Dog Treat | 165g", "price": "$5.60", "price_calculation": "$3.39 per 100g", "category": "Pet"},
{"title": "Provedore Capocollo Italian Style | 80g", "price": "$6.50", "price_calculation": "$81.25 per 1kg", "category": "Deli"},
{"title": "I&J Scallops Roe Off | 300g", "price": "$12.00", "price_calculation": "$40.00 per 1kg", "category": "Bonus Cookware Credits"},
{"title": "Vitapet Bakery Bites Mini Bagel Chicken Dog Treat | 5 pack", "price": "$6.40", "price_calculation": "$1.28 per 1ea", "category": "Pet"},
{"title": "OB Finest Specialty Crackers Date & Almond Gluten Free | 130g", "price": "$6.50", "price_calculation": "$5.00 per 100g", "category": "Deli"},
{"title": "Optimum Natural Defence Skin And Coat Cat Food 12x85g | 12 pack", "price": "$13.00", "price_calculation": "$1.27 per 100g", "category": "Bonus Cookware Credits"},
{"title": "Coles Pet Wipes | 40 pack", "price": "$6.50", "price_calculation": "$0.16 per 1ea", "category": "Pet"},
{"title": "Udder Delights Adelaide Hills Camembert Cheese | 200g", "price": "$9.90", "price_calculation": "$49.50 per 1kg", "category": "Deli"},
{"title": "Coles Finest Angus Beef Cottage Pie | 700g", "price": null, "price_calculation": null, "category": "Bonus Cookware Credits"},
{"title": "Peters Foragers Feast Small Animal Food | 1kg", "price": "$7.20", "price_calculation": "$0.72 per 100g", "category": "Pet"},
{"title": "Giorgio's Artisan Cheese Fior Di Latte | approx 100g", "price": "$2.95", "price_calculation": "$29.50 per 1kg", "category": "Deli"},
{"title": "Dove Conditioner Intensive Repair | 820mL", "price": "$17.00", "price_calculation": "$2.07 per 100mL", "category": "Bonus Cookware Credits"},
{"title": "Wag Yoghurt Drops Vanilla Dog Treat | 150g", "price": "$7.50", "price_calculation": "$5.00 per 100g", "category": "Pet"},
{"title": "Coles Finest Irish Cheddar | approx 100g", "price": "$4.00", "price_calculation": "$40.00 per 1kg", "category": "Deli"},
{"title": "Air Wick Essential Oil Air Freshener Electric Refill Frangipani 19mL | 3 pack", "price": "$18.00", "price_calculation": "$3.16 per 10mL", "category": "Bonus Cookware Credits"},
{"title": "Bow Wow Pals Multi-Use Grooming Mitt | 1 pack", "price": "$7.70", "price_calculation": "$7.70 per 1ea", "category": "Pet"},
{"title": "Auricchio Grana Padano Basile Imports | approx250g", "price": "$13.25", "price_calculation": "$53.00 per 1kg", "category": "Deli"},
{"title": "Optimum With Chicken Rice Vegetables | 6 pack", "price": "$8.00", "price_calculation": "$1.33 per 100g", "category": "Pet"},
{"title": "Coles Deli Delre Goat Milk Caprakaas | approx 180g", "price": "$10.26", "price_calculation": "$57.00 per 1kg", "category": "Deli"},
{"title": "Vitapet Chewz Peanut Butter Twist Sticks Dog Treat | 10 pack", "price": "$8.30", "price_calculation": "$0.83 per 1ea", "category": "Pet"},
{"title": "Coles Finest Australian Organic Washed Rind | approx 500g ", "price": "$39.00", "price_calculation": "$78.00 per 1kg", "category": "Deli"},
{"title": "Dine Pulled Menu Chicken Cat Food 7x85g | 7 pack", "price": "$8.50", "price_calculation": "$1.43 per 100g", "category": "Pet"},
{"title": "Coles Deli Snack Classic Coleslaw Salad Tub | 1 each", "price": "$2.00", "price_calculation": "$2.00 per 1ea", "category": "Deli"},
{"title": "Bird Munchies Wild Block Bird Treat | 1.4kg", "price": "$9.30", "price_calculation": "$0.66 per 100g", "category": "Pet"},
{"title": "Coles Deli RSPCA Approved Chicken Garlic Kyiv | 1 each", "price": "$2.50", "price_calculation": "$2.50 per 1ea", "category": "Deli"},
{"title": "My Dog Puppy Wet Dog Food Chicken Rice Carrots & Spinach 6X100g Trays | 6 pack", "price": "$9.50", "price_calculation": "$1.58 per 100g", "category": "Pet"},
{"title": "Coles Finest Fig & Walnut Pepperberry Paste | 100g", "price": "$3.15", "price_calculation": "$3.15 per 100g", "category": "Deli"},
{"title": "The Paw Grocer Freeze Dried Salmon Belly With Fins Dog Treat | 90g", "price": "$9.95", "price_calculation": "$11.06 per 100g", "category": "Pet"},
{"title": "Coles Deli Temptation Pork Pie Small | 1 each", "price": "$3.45", "price_calculation": "$2.16 per 100g", "category": "Deli"},
{"title": "Elevate Joint Support Dog Treat | 300g", "price": "$10.50", "price_calculation": "$3.50 per 100g", "category": "Pet"},
{"title": "Coles Deli Salads Tub Small Classic Potato | 1 each", "price": "$4.00", "price_calculation": "$4.00 per 1ea", "category": "Deli"},
{"title": "Vitapet Puppy Pee Training Pads | 7 pack", "price": "$11.00", "price_calculation": "$1.57 per 1ea", "category": "Pet"},
{"title": "Barossa Fine Foods Duck Terrine | 110g", "price": "$5.00", "price_calculation": "$4.55 per 100g", "category": "Deli"},
{"title": "Pedigree Adult With Real Chicken Dry Dog Food | 3kg", "price": "$11.00", "price_calculation": "$0.37 per 100g", "category": "Pet"},
{"title": "Coles Chicken & Mayo Herb Mix | 220g", "price": "$5.50", "price_calculation": "$25.00 per 1kg", "category": "Deli"},
{"title": "Pedigree Real Beef With Vegies Small Breed Dry Dog Food | 2.5kg", "price": "$11.00", "price_calculation": "$0.44 per 100g", "category": "Pet"},
{"title": "Don Popcorn Bacon | 140g", "price": "$6.00", "price_calculation": "$42.86 per 1kg", "category": "Deli"},
{"title": "Purina Lucky Dog Adult Minis Beef Vegetable & Pasta Dry Dog Food | 3kg", "price": "$11.00", "price_calculation": "$0.37 per 100g", "category": "Pet"},
{"title": "Coles Deli Salads Tub Large Classic Coleslaw | 1 each", "price": "$6.00", "price_calculation": "$6.00 per 1ea", "category": "Deli"},
{"title": "OB Finest 3 Seed Pepita Crisps | 110g", "price": "$6.50", "price_calculation": "$5.91 per 100g", "category": "Deli"},
{"title": "Coles Deli Jumbo Greek Salad Tub | 1 each", "price": "$11.00", "price_calculation": "$11.00 per 1ea", "category": "Deli"},
{"title": "Coles Deli Medium Classic Coleslaw Salad Tub | 1 each", "price": "$5.00", "price_calculation": "$5.00 per 1ea", "category": "Deli"},
{"title": "Coles Salami Platter | 200g", "price": "$16.00", "price_calculation": "$80.00 per 1kg", "category": "Deli"},
{"title": "Coles Australian Made Double Smoked Leg Ham | 150g", "price": "$5.70", "price_calculation": "$38.00 per 1kg", "category": "Deli"},
{"title": "Casalingo Truffle Salami | approx 100g", "price": "$3.70", "price_calculation": "$37.00 per 1kg", "category": "Deli"},
{"title": "Primo The Charcuterie Collection Salami Classic Hot | 80g", "price": "$6.00", "price_calculation": "$75.00 per 1kg", "category": "Deli"},
{"title": "Coles Finest Dutch 12 Month Aged Gouda | approx 100g", "price": "$5.30", "price_calculation": "$53.00 per 1kg", "category": "Deli"},
{"title": "Primo Australian Made Middle Bacon | 200g", "price": "$7.00", "price_calculation": "$35.00 per 1kg", "category": "Deli"},
{"title": "Coles Deli Thawed Prawn Skewers Chili & Lime | 1 each", "price": "$1.25", "price_calculation": "$1.25 per 1ea", "category": "Deli"},
{"title": "OB Finest Parmesan Crisps With Black Sesame | 85g", "price": "$9.40", "price_calculation": "$11.06 per 100g", "category": "Deli"},
{"title": "180 Degrees Walnut Oat Crackers | 150g", "price": "$4.80", "price_calculation": "$3.20 per 100g", "category": "Deli"},
{"title": "Hedys Quiche Roast Pumpkin & Fetta | 1.1kg", "price": "$14.50", "price_calculation": "$1.32 per 100g", "category": "Deli"},
{"title": "180 Degrees Hazelnut Oat Crackers | 150g", "price": "$4.80", "price_calculation": "$3.20 per 100g", "category": "Deli"},
{"title": "Coles Fruity Bites Platter | 1 each", "price": "$35.00", "price_calculation": "$35.00 per 1ea", "category": "Deli"},
{"title": "180 Degrees Maple Cranberry Apricot Oat Crackers | 135g", "price": "$4.80", "price_calculation": "$3.56 per 100g", "category": "Deli"},
{"title": "Coles Deli Delre Dutch Smoked Cheese | approx 250g", "price": "$9.00", "price_calculation": "$36.00 per 1kg", "category": "Deli"},
{"title": "180 Degrees Cheese Bites | 150g", "price": "$4.80", "price_calculation": "$3.20 per 100g", "category": "Deli"},
{"title": "Premier Selection Appleblossom Smoked Cheddar | approx 100g", "price": "$5.50", "price_calculation": "$55.00 per 1kg", "category": "Deli"},
{"title": "Coles Finest Traditional Lavosh With Lemon Myrtle And Cracked Pepper | 100g", "price": "$5.00", "price_calculation": "$5.00 per 100g", "category": "Deli"},
{"title": "King Island Dairy Smoked Cheddar Cheese | approx200g", "price": "$11.40", "price_calculation": "$57.00 per 1kg", "category": "Deli"},
{"title": "Coles Deli Salads Tub Medium Classic Potato | 1 each", "price": "$5.00", "price_calculation": "$5.00 per 1ea", "category": "Deli"},
{"title": "King Island Dairy Half Moon Bay Double Brie | approx100g", "price": "$6.35", "price_calculation": "$63.50 per 1kg", "category": "Deli"},
{"title": "Mcclure's Garlic & Dill Whole | 500g", "price": "$6.00", "price_calculation": "$12.00 per 1kg", "category": "Deli"},
{"title": "Coles Baby Bell Peppers Cream Cheese | 120g", "price": "$3.50", "price_calculation": "$29.17 per 1kg", "category": "Deli"},
{"title": "Coles Deli Thawed Prawn Skewers Sweet Chilli | 5 pack", "price": "$6.25", "price_calculation": "$1.25 per 1ea", "category": "Deli"},
{"title": "OB Finest Quince Fruit Paste | 100g", "price": "$4.50", "price_calculation": "$4.50 per 100g", "category": "Deli"},
{"title": "Maggie Beer Plum And Shiraz Paste | 100g", "price": "$6.30", "price_calculation": "$6.30 per 100g", "category": "Deli"},
{"title": "Coles Deli Salad Tubs Small Quinoa Tabouleh | 1 each", "price": "$5.00", "price_calculation": "$5.00 per 1ea", "category": "Deli"},
{"title": "OB Finest Fig & Pecan Crackers | 150g", "price": "$6.50", "price_calculation": "$4.33 per 100g", "category": "Deli"},
{"title": "Barossa Fine Foods French Pate | 110g", "price": "$5.00", "price_calculation": "$4.55 per 100g", "category": "Deli"},
{"title": "Ricci's Bikkies Pita Crisp Olive Oil & Sea Salt | 120g", "price": "$6.90", "price_calculation": "$5.75 per 100g", "category": "Deli"},
{"title": "Primo Manuka Honey Bacon | 175g", "price": "$5.00", "price_calculation": "$28.57 per 1kg", "category": "Deli"},
{"title": "Julianne's Kitchen Quince Paste | 100g", "price": "$7.00", "price_calculation": "$7.00 per 100g", "category": "Deli"},
{"title": "Homestead Pate Free Range Chicken With Cracked Pepper | 150g", "price": "$5.50", "price_calculation": "$3.67 per 100g", "category": "Deli"},
{"title": "Maggie Beer Duck & Orange Pate | 120g", "price": "$7.30", "price_calculation": "$6.08 per 100g", "category": "Deli"},
{"title": "Coles Deli Salad Tubs Medium Quinoa Tabouleh | 1 each", "price": "$6.00", "price_calculation": "$6.00 per 1ea", "category": "Deli"},
{"title": "Coles Salad Medium Tubs Potato Egg & Bacon Salad Salad | 1 each", "price": "$6.00", "price_calculation": "$6.00 per 1ea", "category": "Deli"},
{"title": "Coles Deli Thawed Prawn Skewers Chilli & Lime | 5 pack", "price": "$6.25", "price_calculation": "$1.25 per 1ea", "category": "Deli"},
{"title": "British Sausage Co Black Pudding | 200g", "price": "$6.50", "price_calculation": "$32.50 per 1kg", "category": "Deli"},
{"title": "Coles Deli Salad Tubs Large Quinoa Tabouleh | 1 each", "price": "$7.00", "price_calculation": "$7.00 per 1ea", "category": "Deli"},
{"title": "Yarra Valley Cheese Camembert | 200g", "price": "$8.00", "price_calculation": "$40.00 per 1kg", "category": "Deli"},
{"title": "La Casa Del Formaggio Mozzarella Balls | 450g", "price": "$8.30", "price_calculation": "$18.44 per 1kg", "category": "Deli"},
{"title": "Coles Deli Meredith Dairy Plain Chevre | 150g", "price": "$9.00", "price_calculation": "$60.00 per 1kg", "category": "Deli"},
{"title": "Udder Delights Adelaide Hills Ash Brie Cheese | 200g", "price": "$10.50", "price_calculation": "$52.50 per 1kg", "category": "Deli"},
{"title": "Coles Deli Ham Hock | approx 600g", "price": "$7.20", "price_calculation": "$12.00 per 1kg", "category": "Deli"},
{"title": "Hedys Quiche Leek Bacon | 1.1kg", "price": "$14.50", "price_calculation": "$1.32 per 100g", "category": "Deli"},
{"title": "Coles Wraps Platter Vegetarian | 1 each", "price": "$30.00", "price_calculation": "$30.00 per 1ea", "category": "Deli"},
{"title": "Coles Artisan Grazing Platter | 1 each", "price": "$35.00", "price_calculation": "$35.00 per 1ea", "category": "Deli"},
{"title": "Meredith Dairy Marinated Goats Cheese | approx 100g", "price": "$4.00", "price_calculation": "$40.00 per 1kg", "category": "Deli"},
{"title": "Somerdale Champagne Cheddar | approx100g", "price": "$5.20", "price_calculation": "$52.00 per 1kg", "category": "Deli"},
{"title": "Coles Deli Castello Blue Cheese | approx130g", "price": "$7.80", "price_calculation": "$60.00 per 1kg", "category": "Deli"},
{"title": "King Island Dairy Black Label Brie | approx100g", "price": "$6.50", "price_calculation": "$65.00 per 1kg", "category": "Deli"},
{"title": "Auricchio Parmigiano Reggiano Cheese | approx250g", "price": "$17.50", "price_calculation": "$70.00 per 1kg", "category": "Deli"},
{"title": "Moira Mac's Snackers Buffalo Mini Chicken Kebabs | 90g", "price": "$2.00", "price_calculation": "$22.22 per 1kg", "category": "Deli"},
{"title": "Coles Deli Express Colossal Kalamata Olives | 110g", "price": "$3.50", "price_calculation": "$31.82 per 1kg", "category": "Deli"},
{"title": "Coles Deli RSPCA Approved Chicken Cordon Bleu | 1 each", "price": "$4.00", "price_calculation": "$4.00 per 1ea", "category": "Deli"},
{"title": "Coles Deli Salads Tub Small Classic Pasta | 1 each", "price": "$4.00", "price_calculation": "$4.00 per 1ea", "category": "Deli"},
{"title": "Coles Deli Express Chicken Pate | 120g", "price": "$6.00", "price_calculation": "$5.00 per 100g", "category": "Deli"},
{"title": "Provedore Free Range Sopressa Sleeved | 80g", "price": "$6.50", "price_calculation": "$81.25 per 1kg", "category": "Deli"},
{"title": "Primo Thin Frankfurts | 1 kg", "price": "$7.40", "price_calculation": "$7.40 per 1kg", "category": "Deli"},
{"title": "Coles Fennel Sopressa Salami | 150g", "price": "$7.50", "price_calculation": "$50.00 per 1kg", "category": "Deli"},
{"title": "Royal Hollandia Edam | approx 100g", "price": "$3.80", "price_calculation": "$38.00 per 1kg", "category": "Deli"},
{"title": "Coles Deli Delre Pecorino Pepato | approx 250g", "price": "$10.50", "price_calculation": "$42.00 per 1kg", "category": "Deli"},
{"title": "Mon Pere Brie | approx 100g", "price": "$5.50", "price_calculation": "$55.00 per 1kg", "category": "Deli"},
{"title": "Coles Deli Castello White Cheese | approx140g", "price": "$7.70", "price_calculation": "$55.00 per 1kg", "category": "Deli"},
{"title": "Coles Finest European Truffle Goats Cheese | approx 100g", "price": "$6.00", "price_calculation": "$60.00 per 1kg", "category": "Deli"},
{"title": "West Country Farmhouse Cheddar | approx100g", "price": "$5.00", "price_calculation": "$50.00 per 1kg", "category": "Deli"},
{"title": "Coles Finest Spanish 12 Month Aged Manchego | approx 200g", "price": "$12.00", "price_calculation": "$60.00 per 1kg", "category": "Deli"},
{"title": "Coles Finest Spanish Aged Truffle Cheese | approx 150g", "price": "$11.70", "price_calculation": "$78.01 per 1kg", "category": "Deli"},
{"title": "Provedore Chorizo Crumb | 100g", "price": "$4.00", "price_calculation": "$40.00 per 1kg", "category": "Deli"},
{"title": "Coles Deli RSPCA Approved Premium Chicken Breast Kyiv | 1 each", "price": "$4.50", "price_calculation": "$4.50 per 1ea", "category": "Deli"},
{"title": "Coles Deli Salads Tub Medium Classic Pasta | Medium", "price": "$5.00", "price_calculation": "$5.00 per 1ea", "category": "Deli"},
{"title": "Coles Finest British Oak Smoked Cheddar | approx 200g", "price": "$7.50", "price_calculation": "$37.50 per 1kg", "category": "Deli"},
{"title": "Coles Deli Fromager D'Affinois Blue Cheese | approx200g", "price": "$13.40", "price_calculation": "$67.00 per 1kg", "category": "Deli"},
{"title": "Coles Classic Homestyle Hot Roast Lamb | 1 each", "price": null, "price_calculation": null, "category": "Deli"},
{"title": "El Pozo Jamon Serrano Aged 12 Months | approx 100g", "price": "$5.00", "price_calculation": "$50.00 per 1kg", "category": "Deli"},
{"title": "Coles Finest Swiss 12 Month Aged Gruyre | approx 130g", "price": "$8.32", "price_calculation": "$64.00 per 1kg", "category": "Deli"},
{"title": "Coles Finest French Double Cream Brie | approx 100g", "price": "$7.00", "price_calculation": "$70.00 per 1kg", "category": "Deli"},
{"title": "Tarago Triple Cream | approx 100g", "price": "$7.70", "price_calculation": "$77.00 per 1kg", "category": "Deli"},
{"title": "Coles Deli Tarago Shadows Of Blue Cheese | approx 100g", "price": "$8.50", "price_calculation": "$85.00 per 1kg", "category": "Deli"},
{"title": "Coles Deli  Antipasto Mix | approx 100g", "price": "$2.25", "price_calculation": "$22.50 per 1kg", "category": "Deli"},
{"title": "Coles Deli Baby Bell Peppers with Cream Cheese | approx 100g", "price": "$3.50", "price_calculation": "$35.00 per 1kg", "category": "Deli"},
{"title": "Coles Salad Small Tubs Potato Egg & Bacon | 1 each", "price": "$5.00", "price_calculation": "$5.00 per 1ea", "category": "Deli"},
{"title": "Primo The Charcuterie Collection Salami Classic Mild | 80g", "price": "$6.00", "price_calculation": "$75.00 per 1kg", "category": "Deli"},
{"title": "Coles Deli Thawed Australian Cooked Black Tiger Prawns Medium | approx 250g", "price": "$6.25", "price_calculation": "$25.00 per 1kg", "category": "Deli"},
{"title": "OB Finest Cashew & Rosemary Crackers | 150g", "price": "$6.50", "price_calculation": "$4.33 per 100g", "category": "Deli"},
{"title": "D'Orsogna Pepperoni | 1 each", "price": "$7.30", "price_calculation": "$48.67 per 1kg", "category": "Deli"},
{"title": "Coles Australian Made Free Range Triple Smoked Leg Ham | 140g", "price": "$7.80", "price_calculation": "$55.71 per 1kg", "category": "Deli"},
{"title": "Udder Delights Adelaide Hills Double Cream Brie Cheese | 200g", "price": "$9.90", "price_calculation": "$49.50 per 1kg", "category": "Deli"},
{"title": "Coles Split Green Olives | approx 100g", "price": "$2.50", "price_calculation": "$25.00 per 1kg", "category": "Deli"},
{"title": "Casalingo Porchetta | approx 100g", "price": "$3.00", "price_calculation": "$30.00 per 1kg", "category": "Deli"},
{"title": "Coles Australian Made Coppa Ham | approx 100g", "price": "$3.15", "price_calculation": "$31.50 per 1kg", "category": "Deli"},
{"title": "Coles Deli Auricchio Provolone Classico Cheese | approx 250g", "price": "$11.25", "price_calculation": "$45.00 per 1kg", "category": "Deli"},
{"title": "Barber's English Cheddar | approx 100g", "price": "$4.90", "price_calculation": "$49.00 per 1kg", "category": "Deli"},
{"title": "King Island Dairy Surprise Bay Cheddar Cheese Block | approx200g", "price": "$10.80", "price_calculation": "$54.00 per 1kg", "category": "Deli"},
{"title": "King Island Dairy Furneaux Cheese | approx 100g", "price": "$8.00", "price_calculation": "$80.00 per 1kg", "category": "Deli"},
{"title": "King Island Dairy Roaring Forties Blue | approx 100g", "price": "$8.00", "price_calculation": "$80.00 per 1kg", "category": "Deli"},
{"title": "Thomson's Deli Danish Salami | 200g", "price": "$5.00", "price_calculation": "$25.00 per 1kg", "category": "Deli"},
{"title": "Coles Chicken & Mayo Caesar Mix | 220g", "price": "$5.50", "price_calculation": "$25.00 per 1kg", "category": "Deli"},
{"title": "Coles Deli Medium Greek Salad | 1 each", "price": "$6.00", "price_calculation": "$6.00 per 1ea", "category": "Deli"},
{"title": "Primo Australian Short Cut Bacon | 200g", "price": "$7.00", "price_calculation": "$35.00 per 1kg", "category": "Deli"},
{"title": "Princi Mild Hungarian Salami | 100g", "price": "$7.40", "price_calculation": "$74.00 per 1kg", "category": "Deli"},
{"title": "Yarra Valley Cheese Double Brie | 200g", "price": "$8.00", "price_calculation": "$40.00 per 1kg", "category": "Deli"},
{"title": "Don Mild Hungarian Salami | 200g", "price": "$8.50", "price_calculation": "$4.25 per 100g", "category": "Deli"},
{"title": "GS Premium Spicy Salami Pizza | 520g", "price": "$12.00", "price_calculation": "$2.31 per 100g", "category": "Deli"},
{"title": "Coles Deli Delre Mini Chol | approx 180g", "price": "$6.84", "price_calculation": "$38.00 per 1kg", "category": "Deli"},
{"title": "Coles Wraps Platter Meatlovers | 1 each", "price": "$40.00", "price_calculation": "$40.00 per 1ea", "category": "Deli"},
{"title": "Coles Finest Dutch 6 Month Aged Goats Gouda | approx 125g ", "price": "$7.00", "price_calculation": "$56.00 per 1kg", "category": "Deli"},
{"title": "Snowdonia Black Bomber Mature Cheddar | approx 100g", "price": "$6.90", "price_calculation": "$69.00 per 1kg", "category": "Deli"},
{"title": "Coles Finest French 18 Month Aged Comte | approx 130g", "price": "$9.23", "price_calculation": "$71.00 per 1kg", "category": "Deli"},
{"title": "King Island Dairy Netherby Camembert Cove | approx 100g", "price": "$7.60", "price_calculation": "$76.00 per 1kg", "category": "Deli"},
{"title": "Coles Crumb & Cook Parmesan Garlic & Herb | 30g", "price": "$1.50", "price_calculation": "$50.02 per 1kg", "category": "Deli"},
{"title": "Coles Deli Thawed MSC Raw Aussie Oz Garlic Prawn Skewers | 1 each", "price": "$2.80", "price_calculation": "$2.80 per 1ea", "category": "Deli"},
{"title": "Valley Produce Co. Original Bagel Toast | 120g", "price": "$5.00", "price_calculation": "$4.17 per 100g", "category": "Deli"},
{"title": "Hard Road Belgian Pale Ale Can 375mL | 4 Pack", "price": "$20.00", "price_calculation": "$13.33 per 1L", "category": "Liquor"},
{"title": "Pirate Life Stout Can 355mL | 16 Pack", "price": "$53.00", "price_calculation": null, "category": "Liquor"},
{"title": "Lean Cuisine Veg'D Up Beef Lasagne | 350g", "price": "$7.00", "price_calculation": "$2.00 per 100g", "category": "Frozen"},
{"title": "Little Creatures Sour Snap Can 375mL | 16 Pack", "price": "$57.00", "price_calculation": "$9.50 per 1L", "category": "Liquor"},
{"title": "Berri Quelch Apple Berry Fruit Juice Icy Tubes 24 pack | 1.68L", "price": "$7.30", "price_calculation": "$0.43 per 100mL", "category": "Frozen"},
{"title": "The Still Co. Blue Butterfly Gin 500mL | 1 Each", "price": "$75.00", "price_calculation": "$150.00 per 1L", "category": "Liquor"},
{"title": "Super Nature Vegan Bean Bourguignon | 350g", "price": "$7.50", "price_calculation": "$2.14 per 100g", "category": "Frozen"},
{"title": "Rekorderlig Watermelon-Citrus Cider Bottle 330mL | 24 Pack", "price": "$104.00", "price_calculation": "$13.13 per 1L", "category": "Liquor"},
{"title": "Super Vegan Coconut & Jackfruit Curry | 350g", "price": "$7.50", "price_calculation": "$2.14 per 100g", "category": "Frozen"},
{"title": "Billson's Turkish Delight Vodka Mixed Drink 355mL | 24 Pack", "price": "$130.00", "price_calculation": "$15.26 per 1L", "category": "Liquor"},
{"title": "Streets Golden Gaytime Bites Chocolate | 279mL", "price": "$7.70", "price_calculation": "$2.76 per 100mL", "category": "Frozen"},
{"title": "Billson's Lemon Lime & Bitters Vodka Mixed Drink 355mL | 24 Pack", "price": "$130.00", "price_calculation": "$15.26 per 1L", "category": "Liquor"},
{"title": "Golden Wok Frozen Diana Chan's Vegetable Dumplings | 230g", "price": "$8.50", "price_calculation": "$3.70 per 100g", "category": "Frozen"},
{"title": "-196 Double Grape 6% Can 330mL | 30 Pack", "price": "$135.00", "price_calculation": "$13.64 per 1L", "category": "Liquor"},
{"title": "KB's Yum Cha Prawn Toast | 240g", "price": "$8.50", "price_calculation": "$3.54 per 100g", "category": "Frozen"},
{"title": "Gordons Tropical Passionfruit Bottle 330mL | 24 Pack", "price": "$151.00", "price_calculation": "$19.07 per 1L", "category": "Liquor"},
{"title": "Denada Sugar Free Ice Cream Chocolate Pops Milk Chocolate & Hazelnut 3 Pack | 315mL", "price": "$8.50", "price_calculation": "$2.70 per 100mL", "category": "Frozen"},
{"title": "Smirnoff Ice Double Black 6.5% Cans 330mL | 24 Pack", "price": "$155.00", "price_calculation": "$19.57 per 1L", "category": "Liquor"},
{"title": "Denada Sugar Free Ice Cream Lil Nadas Chocolate & Vanilla 4 Pack | 400mL", "price": "$8.50", "price_calculation": "$2.13 per 100mL", "category": "Frozen"},
{"title": "Bombay Sapphire Gin & Tonic 275ml | 24 Pack", "price": "$160.00", "price_calculation": "$24.24 per 1L", "category": "Liquor"},
{"title": "Super Charged Chicken Massaman | 350g", "price": "$8.50", "price_calculation": "$2.43 per 100g", "category": "Frozen"},
{"title": "Hard Road Drongo's Revenge ESB Can 375mL | 4 Pack", "price": "$20.00", "price_calculation": "$13.33 per 1L", "category": "Liquor"},
{"title": "Street Supreme Pizza | 385g", "price": "$8.60", "price_calculation": "$2.23 per 100g", "category": "Frozen"},
{"title": "Hard Road Righty's Pale Ale Can 375mL | 4 Pack", "price": "$20.00", "price_calculation": "$13.33 per 1L", "category": "Liquor"},
{"title": "Coles Frozen Organic Mixed Berries | 450g", "price": "$8.80", "price_calculation": "$1.96 per 100g", "category": "Frozen"},
{"title": "Pimms Long Lemonade Can 250mL | 24 Pack", "price": "$138.00", "price_calculation": "$23.00 per 1L", "category": "Liquor"},
{"title": "Just Vodka Watermelon Can 330mL | 16 Pack", "price": "$76.00", "price_calculation": "$14.39 per 1L", "category": "Liquor"},
{"title": "Sealord Hoki Fillets Wholemeal | 300g", "price": "$9.00", "price_calculation": "$30.00 per 1kg", "category": "Frozen"},
{"title": "Four Pillars Bloody Shiraz Gin & Tonic Can 250mL | 24 Pack", "price": "$138.00", "price_calculation": "$23.00 per 1L", "category": "Liquor"},
{"title": "Mountain Goat Hazy Summer Ale Can 375mL | 24 Pack", "price": "$77.00", "price_calculation": "$8.56 per 1L", "category": "Liquor"},
{"title": "McCain Pub Size Bangers & Mash | 500g", "price": "$9.50", "price_calculation": "$1.90 per 100g", "category": "Frozen"},
{"title": "Wild Turkey Cola Can 375mL | 30 Pack", "price": "$151.00", "price_calculation": "$13.42 per 1L", "category": "Liquor"},
{"title": "Wolf Of The Willows XPA Can 355mL | 24 Pack", "price": null, "price_calculation": null, "category": "Liquor"},
{"title": "Weis Mango & Macadamia Ice Cream Bars 4 pack | 280mL", "price": "$9.50", "price_calculation": "$3.39 per 100mL", "category": "Frozen"},
{"title": "White Claw Surge Blackberry Can 330mL | 24 Pack", "price": "$158.00", "price_calculation": null, "category": "Liquor"},
{"title": "Bodriggy Cosmic Microwave NEIPA Can 355mL | 24 Pack", "price": "$90.00", "price_calculation": "$10.56 per 1L", "category": "Liquor"},
{"title": "Cadbury Dairy Milk Ice Cream Caramello 4 pack | 360mL", "price": "$9.50", "price_calculation": "$2.64 per 100mL", "category": "Frozen"},
{"title": "LOCAL BREWING LOCAL BREWING SUSTAINABLE", "price": null, "price_calculation": null, "category": "Liquor"},
{"title": "Bad Shepherd Peanut Butter Porter Can 355mL | 24 Pack", "price": null, "price_calculation": null, "category": "Liquor"},
{"title": "Sara Lee Cookie Pies Dble Choc & Slt Cara 4pk | 380g", "price": "$9.50", "price_calculation": "$2.50 per 100g", "category": "Frozen"},
{"title": "Southern Comfort Cola Cans 375mL | 4 pack", "price": "$20.00", "price_calculation": "$13.33 per 1L", "category": "Liquor"},
{"title": "Jim Beam White Zero Sugar Cola Cans 375mL | 30 pack", "price": "$131.00", "price_calculation": "$1.16 per 100mL", "category": "Liquor"},
{"title": "Peters Maxibon Ice Cream Honeycomb 4 pack | 560mL", "price": "$9.50", "price_calculation": "$1.70 per 100mL", "category": "Frozen"},
{"title": "Moon Dog Fizzer Tropical Crush 330mL | 6 Pack", "price": "$22.00", "price_calculation": "$11.11 per 1L", "category": "Liquor"},
{"title": "Canadian Club Soda & Lime Can 375mL | 30 Pack", "price": "$131.00", "price_calculation": "$11.64 per 1L", "category": "Liquor"},
{"title": "Bubble O Bill Ice Cream Strawberry Chocolate & Caramel 4 Pack | 404mL", "price": "$10.00", "price_calculation": "$2.48 per 100mL", "category": "Frozen"},
{"title": "Beenleigh White Rum 750mL | 1 Each", "price": "$25.00", "price_calculation": null, "category": "Liquor"},
{"title": "Truly Hard Seltzer Wild Berry Can 330mL | 24 Pack", "price": "$144.00", "price_calculation": "$18.18 per 1L", "category": "Liquor"},
{"title": "Coyo Coconut Ice Cream Cookies & Cream | 500mL", "price": "$10.00", "price_calculation": "$2.00 per 100mL", "category": "Frozen"},
{"title": "CBCo Watermelon & Raspberry Sour Can 375mL | 6 Pack", "price": "$31.00", "price_calculation": "$13.78 per 1L", "category": "Liquor"},
{"title": "Wild Turkey Rare & Cola Bottle 320mL | 24 Pack", "price": "$180.00", "price_calculation": "$23.44 per 1L", "category": "Liquor"},
{"title": "Bulla Murray Street Daintree Honey Swirl | 400mL", "price": "$10.00", "price_calculation": "$2.50 per 100mL", "category": "Frozen"},
{"title": "Old Lions Gin 700mL | 1 Each", "price": "$36.00", "price_calculation": "$51.43 per 1L", "category": "Liquor"},
{"title": "Penfolds Grange Shiraz 2016 750mL | 1 Each", "price": "$1,050.00", "price_calculation": "$1,400.00 per 1L", "category": "Liquor"},
{"title": "McCain Pub Size Double Meat Crumbed Lamb | 480g", "price": "$10.00", "price_calculation": "$2.08 per 100g", "category": "Frozen"},
{"title": "Pirate Life Burton Frontside Ale Can 355mL | 16 Pack", "price": "$49.00", "price_calculation": "$8.63 per 1L", "category": "Liquor"},
{"title": "Five 3 Brewing The Long Session Can 375mL | 4 Pack", "price": "$17.00", "price_calculation": "$11.33 per 1L", "category": "Liquor"},
{"title": "KB Lemon & Pepper Squid | 360g", "price": "$10.50", "price_calculation": "$29.17 per 1kg", "category": "Frozen"},
{"title": "Pirate Life Strong Lemon Crush Can 355mL | 16 Pack", "price": "$56.00", "price_calculation": "$9.86 per 1L", "category": "Liquor"},
{"title": "Burnley Brewing Helles Can 440mL | 4 pack", "price": "$25.00", "price_calculation": "$1.42 per 100mL", "category": "Liquor"},
{"title": "Magnum Ice Cream Luxe Salted Caramel Tub | 440mL", "price": "$10.50", "price_calculation": "$2.39 per 100mL", "category": "Frozen"},
{"title": "Coldstream Pilsner Can 375mL | 24 Pack", "price": "$62.00", "price_calculation": "$6.89 per 1L", "category": "Liquor"},
{"title": "Dainton Bayside Easy Pale Can 355mL | 16 Pack", "price": "$50.00", "price_calculation": "$8.80 per 1L", "category": "Liquor"},
{"title": "Halo Top Oat Milk Chocolate Hazelnut Ice Cream Tub | 473mL", "price": "$10.50", "price_calculation": "$2.22 per 100mL", "category": "Frozen"},
{"title": "Hard Road Belgian Pale Ale Can 375mL | 16 Pack", "price": "$66.00", "price_calculation": "$11.00 per 1L", "category": "Liquor"},
{"title": "Canard Duchene Brut NV Champagne 750mL | 1 Each", "price": "$65.00", "price_calculation": "$86.67 per 1L", "category": "Liquor"},
{"title": "Birds Eye Oven Bake Snapper | 270g", "price": "$11.00", "price_calculation": "$40.74 per 1kg", "category": "Frozen"},
{"title": "Wolf Of The Willows Mid Can 355mL | 24 Pack", "price": "$69.00", "price_calculation": "$8.10 per 1L", "category": "Liquor"},
{"title": "Moon Dog Fizzer Piney Limey 330mL | 24 Pack", "price": "$72.00", "price_calculation": "$9.09 per 1L", "category": "Liquor"},
{"title": "Coles Hoki Fillets | 700g", "price": "$11.50", "price_calculation": "$16.43 per 1kg", "category": "Frozen"},
{"title": "Nosh Boozy Seltzer Mango Pineapple Can 330mL | 24 Pack", "price": null, "price_calculation": null, "category": "Liquor"},
{"title": "Just Watermelon Margi Can 330mL | 16 Pack", "price": "$74.00", "price_calculation": "$14.02 per 1L", "category": "Liquor"},
{"title": "Sara Lee Mango Passionfruit & White Chocolate Ice Cream | 1L", "price": "$12.00", "price_calculation": "$1.20 per 100mL", "category": "Frozen"},
{"title": "Brewmanity The Social Beast Pale Ale Can 375mL | 24 Pack", "price": null, "price_calculation": null, "category": "Liquor"},
{"title": "Guinness Stout Bottle 750mL | 12 Pack", "price": "$97.50", "price_calculation": "$1.08 per 100mL", "category": "Liquor"},
{"title": "The Cheesecake Shop Creamy Caramel Cheesecake Ice Cream | 500mL", "price": "$12.00", "price_calculation": "$2.40 per 100mL", "category": "Frozen"},
{"title": "Burnley Brewing Helles Can 440mL | 16 pack", "price": "$75.00", "price_calculation": "$1.07 per 100mL", "category": "Liquor"},
{"title": "Moutai Prince Baijiu 500mL | 1 Each", "price": "$99.00", "price_calculation": "$198.00 per 1L", "category": "Liquor"},
{"title": "Steggles Chicken Rings Crumbed | 900g", "price": "$12.60", "price_calculation": "$14.00 per 1kg", "category": "Frozen"},
{"title": "Hop Nation J-Juice Can 375mL | 16 Pack", "price": "$80.00", "price_calculation": "$13.33 per 1L", "category": "Liquor"},
{"title": "Woodstock Bourbon & Cola Bottle 660mL | 12 Pack", "price": "$110.00", "price_calculation": "$13.89 per 1L", "category": "Liquor"},
{"title": "Coles Hoisin Spring Rolls | 180g", "price": "$4.90", "price_calculation": "$2.72 per 100g", "category": "Frozen"},
{"title": "Wolf Of The Willows IPA Homage Can 355mL | 24 Pack", "price": null, "price_calculation": null, "category": "Liquor"},
{"title": "Billson's Toffee Apple Vodka Mixed Drink 355mL | 24 Pack", "price": "$130.00", "price_calculation": "$15.26 per 1L", "category": "Liquor"},
{"title": "Birds Eye Broccoli- Cauli- Garlic & Parsley Veggie Rice | 500g", "price": "$4.95", "price_calculation": "$9.90 per 1kg", "category": "Frozen"},
{"title": "Ned Australian Whisky & Cola Can 375mL | 16 Pack", "price": "$93.00", "price_calculation": "$15.50 per 1L", "category": "Liquor"},
{"title": "Billson's Strawberries & Cream Vodka Mixed Drink 355mL | 24 Pack", "price": "$130.00", "price_calculation": null, "category": "Liquor"},
{"title": "Birds Eye Sweet Corn Veggie Bites | 300g", "price": "$5.00", "price_calculation": "$16.67 per 1kg", "category": "Frozen"},
{"title": "Ned Australian Whisky & Soda Apple Can 375mL | 16 Pack", "price": "$93.00", "price_calculation": "$15.50 per 1L", "category": "Liquor"},
{"title": "Gordons Mediterranean Orange Bottle 330mL | 24 Pack", "price": "$141.00", "price_calculation": "$17.80 per 1L", "category": "Liquor"},
{"title": "Birds Eye Sweet Potato Veggie Bites | 300g", "price": "$5.00", "price_calculation": "$16.67 per 1kg", "category": "Frozen"},
{"title": "Deeds Juice Train NEIPA Can 375mL | 24 Pack", "price": "$95.00", "price_calculation": "$10.56 per 1L", "category": "Liquor"},
{"title": "Gordons Sicilian Lemon Bottle 330mL | 24 Pack", "price": "$143.00", "price_calculation": "$18.06 per 1L", "category": "Liquor"},
{"title": "Steggles Salt & Vinegar Chicken Fingers | 400g", "price": "$5.80", "price_calculation": "$14.50 per 1kg", "category": "Frozen"},
{"title": "Mismatch Sour Cherry Cider Can 375mL | 24 Pack", "price": "$95.00", "price_calculation": "$10.56 per 1L", "category": "Liquor"},
{"title": "Truly Watermelon & Kiwi Seltzer Can 330ml | 24 Pack", "price": "$144.00", "price_calculation": "$18.18 per 1L", "category": "Liquor"},
{"title": "Super Nature Sweet Potato Cottage Pie Meal | 350g", "price": "$6.00", "price_calculation": "$1.71 per 100g", "category": "Frozen"},
{"title": "James Squire 150 Lashes Can 330mL | 30 pack", "price": "$98.00", "price_calculation": "$0.99 per 100mL", "category": "Liquor"},
{"title": "Truly Hard Seltzer Watermelon Lemonade Can 330mL | 24 Pack", "price": "$150.00", "price_calculation": "$18.94 per 1L", "category": "Liquor"},
{"title": "Proud & Punch Pining For Lime 6 pack | 450mL", "price": "$6.00", "price_calculation": "$1.33 per 100mL", "category": "Frozen"},
{"title": "Bad Shepherd Margarita Sour Can 355mL | 24 Pack", "price": "$98.00", "price_calculation": "$11.50 per 1L", "category": "Liquor"},
{"title": "Bombay Sapphire Gin & Tonic Double Serve 10% Can 250mL | 24 Pack", "price": "$165.00", "price_calculation": "$27.50 per 1L", "category": "Liquor"},
{"title": "Coles Ice Cream Mini Vienna Salted Caramel Sticks 5 Pack | 285mL", "price": "$6.00", "price_calculation": "$2.11 per 100mL", "category": "Frozen"},
{"title": "Rekorderlig Strawberry & Lime Cider Bottle 500mL | 15 Pack", "price": "$107.00", "price_calculation": "$14.27 per 1L", "category": "Liquor"},
{"title": "Wild Turkey Cola 101 Can 375mL | 30 Pack", "price": "$190.00", "price_calculation": "$16.89 per 1L", "category": "Liquor"},
{"title": "Syndian Frozen Gluten Free Lentil Burgers | 400g", "price": "$6.40", "price_calculation": "$1.60 per 100g", "category": "Frozen"},
{"title": "Malibu & Cola Can 250mL | 24 Pack", "price": "$108.00", "price_calculation": "$18.00 per 1L", "category": "Liquor"},
{"title": "Burnley Brewing Summer Ale Can 355mL | 4 Pack", "price": "$19.00", "price_calculation": "$13.38 per 1L", "category": "Liquor"},
{"title": "Cremorne Creamery Boysenberry Swirl | 1L", "price": "$6.50", "price_calculation": "$0.65 per 100mL", "category": "Frozen"},
{"title": "Smirnoff Seltzer Natural Orange Can 250mL | 24 Pack", "price": "$110.00", "price_calculation": "$18.33 per 1L", "category": "Liquor"},
{"title": "Five 3 Brewing Rocket's Pale Ale Can 375mL | 4 Pack", "price": "$19.00", "price_calculation": "$12.67 per 1L", "category": "Liquor"},
{"title": "Quorn Roast | 454g", "price": "$7.00", "price_calculation": "$1.54 per 100g", "category": "Frozen"},
{"title": "Kentucky Bourbon Double Serve & Cola No Sugar Can 375mL | 24 Pack", "price": "$113.00", "price_calculation": "$12.56 per 1L", "category": "Liquor"},
{"title": "Jetty Road Refreshing Ale Can 375mL | 24 Pack", "price": "$52.00", "price_calculation": "$5.78 per 1L", "category": "Liquor"},
{"title": "Quorn Swedish Style Meatless Meatballs | 300g", "price": "$7.00", "price_calculation": "$2.33 per 100g", "category": "Frozen"},
{"title": "Wild Turkey Cola 101 Can 375mL | 20 Pack", "price": "$125.00", "price_calculation": "$16.67 per 1L", "category": "Liquor"},
{"title": "Stomping Ground Pridelweiss Can 355mL | 16 Pack", "price": "$54.00", "price_calculation": "$9.51 per 1L", "category": "Liquor"},
{"title": "Twisted Licks 99% Sugar Free Sticks Vanilla Bean 4 Pack | 320mL", "price": "$7.00", "price_calculation": "$2.19 per 100mL", "category": "Frozen"},
{"title": "Billson's Lime Vodka Mixed Drink 355mL | 24 Pack", "price": "$128.00", "price_calculation": "$15.02 per 1L", "category": "Liquor"},
{"title": "Kentucky Bourbon & Cola 4.8% Can 375mL | 24 Pack", "price": "$88.00", "price_calculation": "$9.78 per 1L", "category": "Liquor"},
{"title": "Steggles Chicken Nuggets With Hidden Veg | 400g", "price": "$7.00", "price_calculation": "$17.50 per 1kg", "category": "Frozen"},
{"title": "Jack Daniels Apple & Soda Can 330mL | 24 Pack", "price": "$130.00", "price_calculation": "$16.41 per 1L", "category": "Liquor"},
{"title": "Mismatch Cloudy Apple Cider Can 375mL | 24 Pack", "price": "$90.00", "price_calculation": "$10.00 per 1L", "category": "Liquor"},
{"title": "Four Pillars Rare Dry Gin & Tonic Can 250mL | 24 Pack", "price": "$138.00", "price_calculation": "$23.00 per 1L", "category": "Liquor"},
{"title": "Bodriggy Dayspring IPA Can 355mL | 24 Pack", "price": "$100.00", "price_calculation": "$11.74 per 1L", "category": "Liquor"},
{"title": "Four Pillars Fresh Yuzu Gin & Soda Can 250mL | 24 Pack", "price": "$138.00", "price_calculation": "$23.00 per 1L", "category": "Liquor"},
{"title": "Hard Fizz X Grape and Strawberry Caffeine Seltzer Can 250mL | 24 Pack", "price": "$110.00", "price_calculation": "$18.33 per 1L", "category": "Liquor"},
{"title": "Kentucky Bourbon Double Serve & Cola Can 375mL | 30 Pack", "price": "$139.00", "price_calculation": "$12.36 per 1L", "category": "Liquor"},
{"title": "Bacardi Mojito Can 250mL | 24 Pack", "price": "$145.00", "price_calculation": "$24.17 per 1L", "category": "Liquor"},
{"title": "Wild Turkey 101 & Cola Long Serve | 12 carton", "price": "$151.00", "price_calculation": "$2.47 per 100mL", "category": "Liquor"},
{"title": "Nature's Gift Adult All Breeds Dry Dog Food With Kangaroo | 2.5kg", "price": "$11.50", "price_calculation": "$0.46 per 100g", "category": "Pet"},
{"title": "Smirnoff Ice Double Black 8% Can 250mL | 24 Pack", "price": "$155.00", "price_calculation": "$25.83 per 1L", "category": "Liquor"},
{"title": "Whiskas Favourites Chicken In Jelly Cat Food 12x85g | 12 pack", "price": "$12.00", "price_calculation": "$1.18 per 100g", "category": "Pet"},
{"title": "White Claw Surge Blood Orange Can 330mL | 24 Pack", "price": "$158.00", "price_calculation": null, "category": "Liquor"},
{"title": "The Natural Paw Company Tofu Cat Litter | 2kg", "price": "$13.50", "price_calculation": "$6.75 per 1kg", "category": "Pet"},
{"title": "Tanqueray Tonic Bottle 275mL | 24 pack", "price": "$179.00", "price_calculation": "$27.12 per 1L", "category": "Liquor"},
{"title": "Purina Felix As Good As It Looks Ocean Menu Cat Food | 12 pack", "price": "$14.50", "price_calculation": "$1.42 per 100g", "category": "Pet"},
{"title": "Nice & Naturals Thins Lemon Delight | 6 pack", "price": "$5.75", "price_calculation": "$0.96 per 1ea", "category": "Pantry"},
{"title": "Tanqueray Blackcurrant and Soda Bottle 275mL | 24 Pack", "price": "$179.00", "price_calculation": "$27.12 per 1L", "category": "Liquor"},
{"title": "Felix Doubly Delicious Fish Selection Cat Food 85G | 12 pack", "price": "$14.50", "price_calculation": "$1.42 per 100g", "category": "Pet"},
{"title": "Nice & Natural Thins Rocky Road | 6 pack", "price": "$5.75", "price_calculation": "$0.96 per 1ea", "category": "Pantry"},
{"title": "Penfolds RWT Shiraz 2011 750mL | 1 Each", "price": "$195.00", "price_calculation": "$260.00 per 1L", "category": "Liquor"},
{"title": "Catsan Cat Litter Crystals | 2kg", "price": "$15.00", "price_calculation": "$7.50 per 1kg", "category": "Pet"},
{"title": "Kimnori Original Flavour Seaweed Pouch | 40g", "price": null, "price_calculation": null, "category": "Pantry"},
{"title": "Dom Perignon Vintage Champagne 750mL | 1 Each", "price": "$305.00", "price_calculation": null, "category": "Liquor"},
{"title": "Dine Daily Cat Food Poultry Selection 14x85g | 14 pack", "price": "$15.50", "price_calculation": "$1.30 per 100g", "category": "Pet"},
{"title": "Gullon Sugar Free Digestive Biscuits | 400g", "price": "$5.90", "price_calculation": "$1.48 per 100g", "category": "Pantry"},
{"title": "Penfolds Grange Shiraz 2015 750mL | 1 Each", "price": "$1,100.00", "price_calculation": "$1,466.67 per 1L", "category": "Liquor"},
{"title": "Purina One Senior 7+ Dry Cat Food Chicken | 1.4kg", "price": "$17.00", "price_calculation": "$1.21 per 100g", "category": "Pet"},
{"title": "All Gold Tomato Sauce | 500mL", "price": "$5.90", "price_calculation": "$1.18 per 100mL", "category": "Pantry"},
{"title": "SOMMA Watermelon & Lime Alcoholic Seltzer Can 250mL | 24 Pack", "price": "$103.00", "price_calculation": "$17.17 per 1L", "category": "Liquor"},
{"title": "Purina One Adult Dry Cat Food Urinary Tract Health Chicken | 1.4kg", "price": "$17.00", "price_calculation": "$1.21 per 100g", "category": "Pet"},
{"title": "Street Kitchen Pad Thai | 285g", "price": "$5.90", "price_calculation": "$2.07 per 100g", "category": "Pantry"},
{"title": "XXXX Zero 6X330mL | 6 pack", "price": "$11.00", "price_calculation": "$5.56 per 1L", "category": "Liquor"},
{"title": "Supercoat Adult Small Breed With Chicken Dry Dog Food | 2.8kg", "price": "$18.00", "price_calculation": "$0.64 per 100g", "category": "Pet"},
{"title": "Ujinotsuyu Matcha Green Tea Powder | 40g", "price": null, "price_calculation": null, "category": "Pantry"},
{"title": "Nexba Non Alcoholic Spritz Amalfi | 750mL", "price": "$12.00", "price_calculation": "$16.00 per 1L", "category": "Liquor"},
{"title": "Pet Treat Bar Chicken Wings | approx 100g", "price": "$6.00", "price_calculation": "$60.00 per 1kg", "category": "Pet"},
{"title": "Donna Hay Pancakes With Vanilla Bean Seeds | 285g", "price": "$5.95", "price_calculation": "$2.09 per 100g", "category": "Pantry"},
{"title": "Pet Treat Bar Chicken Necks | approx 100g", "price": "$6.00", "price_calculation": "$60.00 per 1kg", "category": "Pet"},
{"title": "Nokchawon Honey Citron Tea | 480g", "price": "$5.95", "price_calculation": "$1.24 per 100g", "category": "Pantry"},
{"title": "Pet Treat Bar Kangaroo Cubes | approx 100g", "price": "$6.00", "price_calculation": "$60.00 per 1kg", "category": "Pet"},
{"title": "Moccona Barista Reserve Capsules Cappuccino | 10 Pack", "price": null, "price_calculation": null, "category": "Pantry"},
{"title": "Fancy Feast Royale Broths Tuna Whitebait Cat Food | 40g", "price": "$1.90", "price_calculation": "$4.75 per 100g", "category": "Pet"},
{"title": "Moccona Barista Reserve Latte 12 Capsules 52g | 10 Pack", "price": null, "price_calculation": null, "category": "Pantry"},
{"title": "Optimum Healthy Weight 1+ Years Chunks In Jelly With Chicken Cat Food Pouch | 85g", "price": "$2.10", "price_calculation": "$2.47 per 100g", "category": "Pet"},
{"title": "Hershey's Caramel Flavour Syrup | 623g", "price": "$6.00", "price_calculation": "$0.96 per 100g", "category": "Pantry"},
{"title": "Optimum Mature 7+ Years Chunks In Jelly With Salmon Cat Food Pouch | 85g", "price": "$2.10", "price_calculation": "$2.47 per 100g", "category": "Pet"},
{"title": "Moccona Barista Reserve Medium Roast Lungo | 10 Pack", "price": null, "price_calculation": null, "category": "Pantry"},
{"title": "Fancy Feast Medleys Tuna Tuscany Cat Food | 85g", "price": "$2.30", "price_calculation": "$2.71 per 100g", "category": "Pet"},
{"title": "Louisiana Chicken Fry Mix | 255g", "price": "$6.00", "price_calculation": "$2.35 per 100g", "category": "Pantry"},
{"title": "Fancy Feast Medleys Wild Salmon Florentine Cat Food | 85g", "price": "$2.30", "price_calculation": "$2.71 per 100g", "category": "Pet"},
{"title": "Bakers Finest RSL Biscuit Anzac Tin | 500g", "price": "$12.00", "price_calculation": "$2.40 per 100g", "category": "Pantry"},
{"title": "Fussy Cat Grain Free Adult Chilled Fresh Cat Food Fine Mince with Beef | 70g", "price": "$2.50", "price_calculation": "$3.57 per 100g", "category": "Pet"},
{"title": "Ayam Pure Black Sesame Oil | 210mL", "price": "$6.00", "price_calculation": "$2.86 per 100mL", "category": "Pantry"},
{"title": "Coles Dog Food Casserole Beef | 1.2 kg", "price": "$3.45", "price_calculation": "$0.29 per 100g", "category": "Pet"},
{"title": "Betty Crocker Oats And Dark Chocolate Chip Cookie Mix | 250g", "price": "$6.00", "price_calculation": "$2.40 per 100g", "category": "Pantry"},
{"title": "Bow Wow Super Snacks Grain Free Kangaroo Spinach & Kale Sticks Dog Treat | 5 pack", "price": "$3.50", "price_calculation": "$0.70 per 1ea", "category": "Pet"},
{"title": "Mcclure's Sweet & Spicy Pickles | 500g", "price": "$6.00", "price_calculation": "$12.00 per 1kg", "category": "Pantry"},
{"title": "Fussy Cat Grain Free Adult Dry Cat food Beef & Kangaroo With Sweet Potato | 500g", "price": "$4.80", "price_calculation": "$0.96 per 100g", "category": "Pet"},
{"title": "Old El Paso Green Jalapenos | 250g", "price": "$6.00", "price_calculation": "$2.40 per 100g", "category": "Pantry"},
{"title": "Schmackos Chomp N Chew Large Dog With Beef Dog Treat | 1 Pack", "price": "$5.00", "price_calculation": "$5.00 per 1ea", "category": "Pet"},
{"title": "Hellmann's Garlic Aioli | 252g", "price": "$6.00", "price_calculation": "$2.38 per 100g", "category": "Pantry"},
{"title": "Vitapet Salmon Sticks Dog Treat | 80g", "price": "$5.30", "price_calculation": "$6.63 per 100g", "category": "Pet"},
{"title": "White Wings Unbelievably Good Chocolate Chip Mix | 320g", "price": "$6.00", "price_calculation": "$1.88 per 100g", "category": "Pantry"},
{"title": "Farmers Market Dog Treats Australian Chicken Jerky Bites | 165g", "price": "$5.60", "price_calculation": "$3.39 per 100g", "category": "Pet"},
{"title": "La Costena Hot Sauce | 140g", "price": null, "price_calculation": null, "category": "Pantry"},
{"title": "Coles Tender Beef Straps | 500g", "price": "$6.00", "price_calculation": "$1.20 per 100g", "category": "Pet"},
{"title": "Jed's No.3 Strong Nespresso Compatible Capsules | 10 pack", "price": null, "price_calculation": null, "category": "Pantry"},
{"title": "Trill Bird Seed Canary & Finch Mix | 1.8Kg", "price": "$6.00", "price_calculation": "$0.33 per 100g", "category": "Pet"},
{"title": "Jed's No.4 Very Strong Nespresso Compatible Capsules | 10 pack", "price": null, "price_calculation": null, "category": "Pantry"},
{"title": "Fancy Feast Petit Cuisine Cod Salmon Cat Food 6x50g | 6 pack", "price": "$6.30", "price_calculation": "$2.10 per 100g", "category": "Pet"},
{"title": "Jed's No.5 Extra Strong Nespresso Compatible Capsules | 10 pack", "price": null, "price_calculation": null, "category": "Pantry"},
{"title": "Fancy Feast Petit Cuisine Salmon Chicken Cat Food 6x50g | 6 pack", "price": "$6.30", "price_calculation": "$2.10 per 100g", "category": "Pet"},
{"title": "Jed's No.X Extreme Nespresso Compatible Capsules | 10 pack", "price": null, "price_calculation": null, "category": "Pantry"},
{"title": "Temptations Hearty Beef Flavour Cat Treats | 180g", "price": "$7.00", "price_calculation": "$3.89 per 100g", "category": "Pet"},
{"title": "Old El Paso Extra Thin Tortillas | 192g", "price": null, "price_calculation": null, "category": "Pantry"},
{"title": "Coles Adult Dry Dog Food With Beef | 3kg", "price": "$7.00", "price_calculation": "$0.23 per 100g", "category": "Pet"},
{"title": "Pana Organic Dark Golden Comb Mylk Chocolate | 45g", "price": "$6.00", "price_calculation": "$13.33 per 100g", "category": "Pantry"},
{"title": "Fussy Cat Grain Free Adult Chilled Fresh Cat Food Finest Mince with Kangaroo | 800g", "price": "$7.50", "price_calculation": "$0.94 per 100g", "category": "Pet"},
{"title": "Lindt Lindor Milk & Milk Chocolate Reindeers Pouch Bag | 80g", "price": "$6.17", "price_calculation": "$7.71 per 100g", "category": "Pantry"},
{"title": "Premi-Yum Free Range Chicken Mince For Dog Or Cat | 2kg", "price": "$9.00", "price_calculation": "$0.45 per 100g", "category": "Pet"},
{"title": "Britannia Milk Rusk Biscotte | 560g", "price": "$6.20", "price_calculation": "$1.11 per 100g", "category": "Pantry"},
{"title": "Lux & Bones Eco Poo Bags XL | 60 pack", "price": "$9.00", "price_calculation": "$0.15 per 1ea", "category": "Pet"},
{"title": "The Spice Tailor Indonesian Rendang Curry | 275g", "price": "$6.20", "price_calculation": "$2.25 per 100g", "category": "Pantry"},
{"title": "Pedigree Senior Dry Dog Food With Real Turkey | 3kg", "price": "$11.00", "price_calculation": "$0.37 per 100g", "category": "Pet"},
{"title": "The Spice Tailor Thai Green Curry | 275g", "price": "$6.20", "price_calculation": "$2.25 per 100g", "category": "Pantry"},
{"title": "Pedigree Puppy Dry Dog Food Chicken With Rice | 2.5 kg", "price": "$11.00", "price_calculation": "$0.44 per 100g", "category": "Pet"},
{"title": "Nexba Liquid Brekkie Vanilla 3x250mL | 750mL", "price": "$6.25", "price_calculation": "$0.83 per 100mL", "category": "Pantry"},
{"title": "Pedigree Real Beef Adult Dry Dog Food | 3kg", "price": "$11.00", "price_calculation": "$0.37 per 100g", "category": "Pet"},
{"title": "Barker's New Zealand Breakfast Marmalade | 455g", "price": "$6.30", "price_calculation": "$1.38 per 100g", "category": "Pantry"},
{"title": "Nature's Gift Adult All Breeds Dry Dog Food With Beef | 2.5kg", "price": "$11.50", "price_calculation": "$0.46 per 100g", "category": "Pet"},
{"title": "Food For Health  Low Sugar Toasted Muesli Honey & Vanilla | 425g", "price": "$6.40", "price_calculation": "$1.51 per 100g", "category": "Pantry"},
{"title": "Whiskas Favourites Mixed In Jelly Cat Food 12x85g | 12 pack", "price": "$12.00", "price_calculation": "$1.18 per 100g", "category": "Pet"},
{"title": "Food For Health Liver Cleansing Wheat Free Muesli | 475g", "price": "$6.40", "price_calculation": "$1.35 per 100g", "category": "Pantry"},
{"title": "Purina Felix As Good As It Looks Favourite Selection Cat Food | 12 pack", "price": "$14.50", "price_calculation": "$1.42 per 100g", "category": "Pet"},
{"title": "Coles Turkish Delight | 190g", "price": "$6.50", "price_calculation": "$3.42 per 100g", "category": "Pantry"},
{"title": "Purina Felix As Good As It Looks Meat Menu Cat Food | 12 pack", "price": "$14.50", "price_calculation": "$1.42 per 100g", "category": "Pet"},
{"title": "Noshu Unicorn Snackles | 110g", "price": "$6.50", "price_calculation": "$5.91 per 100g", "category": "Pantry"},
{"title": "Felix Sensations Jellies  Favourites Menu Cat Food  12x85g | 12 pack", "price": "$14.50", "price_calculation": "$1.42 per 100g", "category": "Pet"},
{"title": "Delverde Conchiglioni Gigante Pasta | 500g", "price": "$6.50", "price_calculation": "$1.30 per 100g", "category": "Pantry"},
{"title": "Applaws Tin Mp Fish Deluxe Selection Cat Food 8x70g | 8 pack", "price": "$15.00", "price_calculation": "$2.68 per 100g", "category": "Pet"},
{"title": "Coles Sea Salt & Garlic Grinder | 240g", "price": "$6.50", "price_calculation": "$0.27 per 10g", "category": "Pantry"},
{"title": "Greenies Original Dog Treat Regular | 170g", "price": "$18.00", "price_calculation": "$10.59 per 100g", "category": "Pet"},
{"title": "St Clair Crackers Butter Charcoal | 100g", "price": "$6.50", "price_calculation": "$6.50 per 100g", "category": "Pantry"},
{"title": "Supercoat Puppy With Chicken Dry Dog Food | 2.6kg", "price": "$18.00", "price_calculation": "$0.69 per 100g", "category": "Pet"},
{"title": "Dairylea Cheese Sticks 12 pack | 240g", "price": "$6.50", "price_calculation": "$27.08 per 1kg", "category": "Pantry"},
{"title": "Optimum Adult 7+ Years Chicken Vegetable and Rice Dry Dog Food | 2.7Kg", "price": "$22.00", "price_calculation": "$0.81 per 100g", "category": "Pet"},
{"title": "Akuan Hot Pot Flavour Broad Noodles 4 Pack | 440g", "price": "$6.50", "price_calculation": "$1.48 per 100g", "category": "Pantry"},
{"title": "OB Finest Apricot & Macadamia Crackers | 150g", "price": "$6.50", "price_calculation": "$4.33 per 100g", "category": "Pantry"},
{"title": "Old El Paso Burrito Bowl Kit | 240g", "price": null, "price_calculation": null, "category": "Pantry"},
{"title": "B Honey Squeeze | 750g", "price": "$11.25", "price_calculation": "$1.50 per 100g", "category": "Winter Essentials"},
{"title": "Twinings Australian Afternoon Tea Bags | 100 pack", "price": "$13.50", "price_calculation": "$0.14 per 1ea", "category": "Winter Essentials"},
{"title": "International Roast Instant Coffee | 500g", "price": "$14.00", "price_calculation": "$2.80 per 100g", "category": "Winter Essentials"},
{"title": "Nescafe Blend 43 Instant Coffee  | 250g", "price": "$14.50", "price_calculation": "$5.80 per 100g", "category": "Winter Essentials"},
{"title": "Vittoria Espresso Ground Coffee | 1kg", "price": "$22.00", "price_calculation": "$2.20 per 100g", "category": "Winter Essentials"},
{"title": "Smithy's Dry Lager Bottle 330mL | 24 Pack", "price": "$43.00", "price_calculation": "$5.43 per 1L", "category": "Winter Essentials"},
{"title": "La Zuppa Pouch Tuscan Chicken & Vegetable Soup | 540g", "price": "$3.00", "price_calculation": "$0.56 per 100g", "category": "Winter Essentials"},
{"title": "Pitango Soup Chicken Vegetable | 350g", "price": "$4.75", "price_calculation": "$1.36 per 100g", "category": "Winter Essentials"},
{"title": "Uncle Tobys Oats Quick Sachets Classic Variety | 350g", "price": "$6.30", "price_calculation": "$1.80 per 100g", "category": "Winter Essentials"},
{"title": "Just Rooibos African Tea Bags 40 pack | 100g", "price": "$7.00", "price_calculation": "$0.18 per 1ea", "category": "Winter Essentials"},
{"title": "Nescafe Mocha Coffee Sachets | 10 pack", "price": "$7.60", "price_calculation": "$0.76 per 1ea", "category": "Winter Essentials"},
{"title": "Vittoria Espresso Coffee Beans | 1kg", "price": "$22.00", "price_calculation": "$2.20 per 100g", "category": "Winter Essentials"},
{"title": "Grinders Rich & Bold Espresso Coffee Beans | 1kg", "price": "$24.50", "price_calculation": "$2.45 per 100g", "category": "Winter Essentials"},
{"title": "Stone & Wood Pacific Ale Bottle 330mL | 24 Pack", "price": "$78.00", "price_calculation": "$0.98 per 100mL", "category": "Winter Essentials"},
{"title": "Pure Origin Tasmanian Vodka 700mL | 1 Each", "price": "$55.00", "price_calculation": "$78.57 per 1L", "category": "Winter Essentials"},
{"title": "Coles Traditional Gravy Mix | 120g", "price": "$2.10", "price_calculation": "$0.18 per 10g", "category": "Winter Essentials"},
{"title": "Coles Antibacterial Hand Wash Lime Fresh | 250mL", "price": "$2.40", "price_calculation": "$0.96 per 100mL", "category": "Winter Essentials"},
{"title": "Coles Antibacterial Hand Wash Sweet Orange | 250mL", "price": "$2.40", "price_calculation": "$0.96 per 100mL", "category": "Winter Essentials"},
{"title": "Coles Ultra Pine Disinfectant | 1.25L", "price": "$2.50", "price_calculation": "$0.20 per 100mL", "category": "Winter Essentials"},
{"title": "Continental Cup A Soup Cream Of Chicken Soup Serves 4 | 75g", "price": "$3.00", "price_calculation": "$4.00 per 100g", "category": "Winter Essentials"},
{"title": "Promite Spread | 290g", "price": "$5.30", "price_calculation": "$1.83 per 100g", "category": "Winter Essentials"},
{"title": "Twinings English Breakfast Tea Bags 50 pack | 100g", "price": "$7.00", "price_calculation": "$0.14 per 1ea", "category": "Winter Essentials"},
{"title": "Arkadia Vanilla Chai Tea | 240g", "price": "$7.00", "price_calculation": "$2.92 per 100g", "category": "Winter Essentials"},
{"title": "Nescafe Hazelnut Latte Coffee Sachets | 10 pack", "price": "$7.60", "price_calculation": "$0.76 per 1ea", "category": "Winter Essentials"},
{"title": "Glen 20 Disinfectant Air Freshener Spray Original | 300g", "price": "$9.50", "price_calculation": "$3.17 per 100g", "category": "Winter Essentials"},
{"title": "Coles Liquid Stock Real Beef | 1L", "price": "$1.90", "price_calculation": "$0.19 per 100mL", "category": "Winter Essentials"},
{"title": "Campbell's Real Stock Vegetable Stock | 500mL", "price": "$2.75", "price_calculation": "$0.55 per 100mL", "category": "Winter Essentials"},
{"title": "Greens Choc chip & Butter Milk Pancake Shake | 335g", "price": "$3.00", "price_calculation": "$0.90 per 100g", "category": "Winter Essentials"},
{"title": "Coles Kitchen Ultra Green Soup | 300g", "price": "$3.00", "price_calculation": "$1.00 per 100g", "category": "Winter Essentials"},
{"title": "Green's Gravy Granules for Roast Meat | 120g", "price": "$3.00", "price_calculation": "$0.25 per 10g", "category": "Winter Essentials"},
{"title": "Coles Finest Stone Baked Garlic Ciabatta | 200g", "price": "$4.50", "price_calculation": "$2.25 per 100g", "category": "Winter Essentials"},
{"title": "Gravox Brown Onion Gravy Mix Tin | 120g", "price": "$5.00", "price_calculation": "$0.42 per 10g", "category": "Winter Essentials"},
{"title": "Bega Simply Nuts Smooth Peanut Butter | 325g", "price": "$5.50", "price_calculation": "$1.69 per 100g", "category": "Winter Essentials"},
{"title": "Uncle Tobys Oats Quick Sachets Brown Sugar & Cinnamon | 350g", "price": "$6.30", "price_calculation": "$1.80 per 100g", "category": "Winter Essentials"},
{"title": "Coles Pure Australian Honey Jar | 500g", "price": "$6.50", "price_calculation": "$1.30 per 100g", "category": "Winter Essentials"},
{"title": "Coles Smooth Peanut Butter | 980g", "price": "$6.50", "price_calculation": "$0.66 per 100g", "category": "Winter Essentials"},
{"title": "Whittaker's Peanut Butter Block Chocolate | 250g", "price": "$5.00", "price_calculation": "$2.00 per 100g", "category": "Winter Essentials"},
{"title": "Pitango Organic Soup Pumpkin & Ginger | 600g", "price": "$7.00", "price_calculation": "$1.17 per 100g", "category": "Winter Essentials"},
{"title": "Maggie Beer Natural Chicken Stock | 1L", "price": "$7.20", "price_calculation": "$0.72 per 100mL", "category": "Winter Essentials"},
{"title": "Red Tractor Organic Instant Oats | 1kg", "price": "$7.50", "price_calculation": "$0.75 per 100g", "category": "Winter Essentials"},
{"title": "Difflam Plus Anaesthetic Honey And Lemon Flavour Lozenges | 16 pack", "price": "$10.00", "price_calculation": "$0.63 per 1ea", "category": "Winter Essentials"},
{"title": "T2 French Earl Grey Flavoured Black Tea Bags 25 pack | 50g", "price": "$16.00", "price_calculation": "$0.64 per 1ea", "category": "Winter Essentials"},
{"title": "Glenmorangie 10YO Single Malt Scotch Whisky 700mL | 1 Each", "price": "$80.00", "price_calculation": "$114.29 per 1L", "category": "Winter Essentials"},
{"title": "Guinness Draught Can 440mL | 24 Pack", "price": "$73.00", "price_calculation": "$6.91 per 1L", "category": "Winter Essentials"},
{"title": "Devilish Pinot Noir 750mL | 1 Each", "price": "$25.00", "price_calculation": "$33.33 per 1L", "category": "Winter Essentials"},
{"title": "Green's Pancake Shake Mix Original | 200g", "price": "$2.20", "price_calculation": "$1.10 per 100g", "category": "Winter Essentials"},
{"title": "Kleenex Everyday Pocket Pack 4 Ply Facial Tissues 6x9 | 6 pack", "price": "$3.50", "price_calculation": "$6.48 per 100ea", "category": "Winter Essentials"},
{"title": "Stomping Ground Big Sky Hazy Pale Can 355mL | 18 Pack", "price": "$52.00", "price_calculation": "$8.14 per 1L", "category": "Liquor"},
{"title": "Brewmanity Slider Cold XPA Can 375mL | 24 Pack", "price": "$79.00", "price_calculation": "$8.78 per 1L", "category": "Liquor"},
{"title": "Actual Vodka Seltzer & Lime Cans 300mL | 24 Pack", "price": "$110.00", "price_calculation": "$15.28 per 1L", "category": "Liquor"},
{"title": "Bundaberg Alcoholic Lemon Lime Bitters Can 375mL | 24 Pack", "price": "$118.00", "price_calculation": "$13.11 per 1L", "category": "Liquor"},
{"title": "WHITE CLAW WHITE CLAW VARIETY CAN 33", "price": null, "price_calculation": null, "category": "Liquor"},
{"title": "Captain Morgan Spiced Rum & Cola Can 330mL | 24 Pack", "price": "$123.00", "price_calculation": "$17.08 per 1L", "category": "Liquor"},
{"title": "Smirnoff Ice Double Black Can 375mL | 30 Pack", "price": "$162.00", "price_calculation": "$1.44 per 100mL", "category": "Liquor"},
{"title": "Smirnoff Ice Double Black Guarana Can 250mL | 24 Pack", "price": "$167.00", "price_calculation": "$27.83 per 1L", "category": "Liquor"},
{"title": "Local Brewing Sustainable Sour Mango Can 375mL | 24 Pack", "price": "$70.00", "price_calculation": "$7.78 per 1L", "category": "Liquor"},
{"title": "Rekorderlig Strawberry & Lime Cider Bottle 330mL | 24 Pack", "price": "$104.00", "price_calculation": "$13.13 per 1L", "category": "Liquor"},
{"title": "Billson's Lemonade Popsicle Vodka Mixed Drink Can 355mL | 24 Pack", "price": "$130.00", "price_calculation": "$15.26 per 1L", "category": "Liquor"},
{"title": "Jameson Smooth Dry & Lime Can 375mL | 24 Pack", "price": "$165.00", "price_calculation": "$18.33 per 1L", "category": "Liquor"},
{"title": "Rosie Spritz 330mL | 1 Each", "price": "$7.00", "price_calculation": "$21.21 per 1L", "category": "Liquor"},
{"title": "Moon Dog Ginger Beer Can 330mL | 24 Pack", "price": "$79.00", "price_calculation": null, "category": "Liquor"},
{"title": "Billson's Rainbow Sherbet Vodka Mixed Drink Can 355mL | 24 Pack", "price": "$130.00", "price_calculation": "$15.26 per 1L", "category": "Liquor"},
{"title": "Brown & Co A Little Refreshing Rose 250mL | 1 Each", "price": "$6.50", "price_calculation": null, "category": "Liquor"},
{"title": "Jetty Road Refreshing Ale Can 375mL | 6 Pack", "price": "$14.00", "price_calculation": "$6.22 per 1L", "category": "Liquor"},
{"title": "Just Vodka Soda Grape 6% Can 330mL | 16 Pack", "price": "$81.00", "price_calculation": "$15.34 per 1L", "category": "Liquor"},
{"title": "CBCo Watermelon & Raspberry Sour Can 375mL | 24 Pack", "price": "$90.00", "price_calculation": "$10.00 per 1L", "category": "Liquor"},
{"title": "Gweilo Ginger Beer Can 375mL | 24 Pack", "price": "$95.00", "price_calculation": "$10.56 per 1L", "category": "Liquor"},
{"title": "Aperol Spritz Bottle 175mL | 24 Pack", "price": "$120.00", "price_calculation": "$28.57 per 1L", "category": "Liquor"},
{"title": "Smirnoff Ice Double Black Zero 6.5% Can 330mL | 24 Pack", "price": "$155.00", "price_calculation": "$19.57 per 1L", "category": "Liquor"},
{"title": "Burnley Brewing Pale Ale Can 440mL | 4 pack", "price": "$26.00", "price_calculation": "$14.77 per 1L", "category": "Liquor"},
{"title": "Sungazer Raspberry Fruity Beer Can 300mL | 16 Pack", "price": "$40.00", "price_calculation": "$8.33 per 1L", "category": "Liquor"},
{"title": "Patient Wolf Summer Thyme Gin 700mL | 1 Each", "price": "$69.00", "price_calculation": "$98.57 per 1L", "category": "Liquor"},
{"title": "JACK DANIELS JACK DANIELS & NO SUGAR C", "price": null, "price_calculation": null, "category": "Liquor"},
{"title": "Hop Nation The Heart Pale Ale Can 375mL | 16 Pack", "price": "$60.00", "price_calculation": "$10.00 per 1L", "category": "Liquor"},
{"title": "Coldstream IPA Can 375mL | 24 Pack", "price": "$66.00", "price_calculation": "$7.33 per 1L", "category": "Liquor"},
{"title": "Vodka Cruiser Strawberry Soda Spritz Can 275mL | 24 Pack", "price": "$81.00", "price_calculation": "$12.27 per 1L", "category": "Liquor"},
{"title": "Galway Pipe Rare Tawny 25 Year Old 500mL | 1 Each", "price": "$100.00", "price_calculation": "$200.00 per 1L", "category": "Liquor"},
{"title": "The Hills Tropical Sour Cider Can 375mL | 24 Pack", "price": "$105.00", "price_calculation": "$11.67 per 1L", "category": "Liquor"},
{"title": "Jameson Soda Ginger Lime 4.8% Can 375mL | 24 Pack", "price": "$120.00", "price_calculation": "$13.33 per 1L", "category": "Liquor"},
{"title": "Jim Beam White & Cola Can 375mL | 30 pack", "price": "$131.00", "price_calculation": "$1.16 per 100mL", "category": "Liquor"},
{"title": "Smirnoff Seltzer Mixed Berry Can 250mL | 24 Pack", "price": "$132.00", "price_calculation": "$22.00 per 1L", "category": "Liquor"},
{"title": "Jameson Raw and Cola Can 375mL | 24 Pack", "price": "$165.00", "price_calculation": "$18.33 per 1L", "category": "Liquor"},
{"title": "Five 3 Brewing Hazy Lager Can 375mL | 4 Pack", "price": "$23.00", "price_calculation": "$15.33 per 1L", "category": "Liquor"},
{"title": "Deeds XPA Can 375mL | 24 Pack", "price": "$60.00", "price_calculation": "$6.67 per 1L", "category": "Liquor"},
{"title": "Coldstream Pale Ale Can 375mL | 24 Pack", "price": "$62.00", "price_calculation": "$6.89 per 1L", "category": "Liquor"},
{"title": "Monteiths Crushed Apple Cider Can 330mL | 24 Pack", "price": "$65.00", "price_calculation": "$8.21 per 1L", "category": "Liquor"},
{"title": "Strongbow Original Cider Can 375mL  | 30 Pack", "price": "$82.00", "price_calculation": "$7.29 per 1L", "category": "Liquor"},
{"title": "Jack Daniels & Cola Tallie Can 500mL | 12 Pack", "price": "$89.50", "price_calculation": "$14.92 per 1L", "category": "Liquor"},
{"title": "Jim Beam White & Cola Bottle 500mL | 12 pack", "price": "$100.00", "price_calculation": "$1.67 per 100mL", "category": "Liquor"},
{"title": "Rekorderlig Wild Berries Cider Bottle 330mL | 24 Pack", "price": "$104.00", "price_calculation": "$13.13 per 1L", "category": "Liquor"},
{"title": "Billson's Sarsaparilla Vodka Mixed Drink 355mL | 24 Pack", "price": "$130.00", "price_calculation": "$15.26 per 1L", "category": "Liquor"},
{"title": "Billson's Raspberry Vodka Mixed Drink 355mL | 24 Pack", "price": "$130.00", "price_calculation": "$15.26 per 1L", "category": "Liquor"},
{"title": "Billson's Fairy Floss Mixed Spirit Drink Can 355mL | 24 Pack", "price": "$130.00", "price_calculation": "$15.26 per 1L", "category": "Liquor"},
{"title": "Wild Turkey Rare & Cola Can 8% 320mL | 24 Pack", "price": "$180.00", "price_calculation": "$23.44 per 1L", "category": "Liquor"},
{"title": "James Squire 150 Lashes Pale Ale Bottle 330mL | 24 Pack", "price": "$51.00", "price_calculation": "$6.44 per 1L", "category": "Winter Essentials"},
{"title": "Quilton Gold 4ply Facial Tissues Aloe Vera | 100 pack", "price": "$2.50", "price_calculation": "$2.50 per 100ea", "category": "Winter Essentials"},
{"title": "Dari's Lentil Soup | 550g", "price": "$5.50", "price_calculation": "$1.00 per 100g", "category": "Winter Essentials"},
{"title": "Twinings Earl Grey Tea Bags 100 pack | 200g", "price": "$13.50", "price_calculation": "$0.14 per 1ea", "category": "Winter Essentials"},
{"title": "Quilton 3 Ply Soft & Thick Aloe vera Facial Tissues | 95 pack", "price": "$2.50", "price_calculation": "$2.63 per 100ea", "category": "Winter Essentials"},
{"title": "Jarrah Classic Hot Chocolate | 10 pack", "price": "$3.50", "price_calculation": "$0.35 per 1ea", "category": "Winter Essentials"},
{"title": "Red Tractor Australian Rolled Oats | 1kg", "price": "$4.75", "price_calculation": "$0.48 per 100g", "category": "Winter Essentials"},
{"title": "Nestle Milo Chocolate Malt Powder Drink | 200g", "price": "$5.00", "price_calculation": "$2.50 per 100g", "category": "Winter Essentials"},
{"title": "Campbell's Chunky Soup Can Roast Chicken & Vegetable | 505g", "price": "$2.25", "price_calculation": "$0.45 per 100g", "category": "Winter Essentials"},
{"title": "McKenzie's Split Red Lentils | 375g", "price": "$2.30", "price_calculation": "$0.61 per 100g", "category": "Winter Essentials"},
{"title": "Continental Cup A Soup Chicken With Lots of Noodles Serves 2 | 60g", "price": "$2.80", "price_calculation": "$4.67 per 100g", "category": "Winter Essentials"},
{"title": "Vegemite Spread | 150g", "price": "$3.80", "price_calculation": "$2.53 per 100g", "category": "Winter Essentials"},
{"title": "Bega Crunchy Peanut Butter | 470g", "price": "$6.40", "price_calculation": "$1.36 per 100g", "category": "Winter Essentials"},
{"title": "Twinings English Breakfast Tea Bags 10 pack | 20g", "price": "$1.50", "price_calculation": "$0.15 per 1ea", "category": "Winter Essentials"},
{"title": "Kleenex Large & Thick 3 Ply Facial Tissues | 95 pack", "price": "$3.15", "price_calculation": "$3.32 per 100ea", "category": "Winter Essentials"},
{"title": "Bega Smooth Peanut Butter | 470g", "price": "$6.40", "price_calculation": "$1.36 per 100g", "category": "Winter Essentials"},
{"title": "Nurofen Zavance Fast Pain Relief 200mg Ibuprofen Liquid Capsules | 20 pack", "price": "$7.50", "price_calculation": "$0.38 per 1ea", "category": "Winter Essentials"},
{"title": "B Honey Squeeze | 450g", "price": "$8.50", "price_calculation": "$1.89 per 100g", "category": "Winter Essentials"},
{"title": "Coles Liquid Real Stock Chicken | 1L", "price": "$1.90", "price_calculation": "$0.19 per 100mL", "category": "Winter Essentials"},
{"title": "Panadol Optizorb Paracetamol Caplets | 20 pack", "price": "$4.00", "price_calculation": "$0.20 per 1ea", "category": "Winter Essentials"},
{"title": "Dari's Classic Pumpkin Soup | 550g", "price": "$5.50", "price_calculation": "$1.00 per 100g", "category": "Winter Essentials"},
{"title": "Coles Boneless Small Pork Loin Roast | approx 1.25kg", "price": "$15.00", "price_calculation": "$12.00 per 1kg", "category": "Winter Essentials"},
{"title": "Coopers Original Pale Ale Bottle 375mL | 24 Pack", "price": "$55.00", "price_calculation": "$0.61 per 100mL", "category": "Winter Essentials"},
{"title": "Campbell's Real Stock Beef Stock | 500mL", "price": "$2.75", "price_calculation": "$0.55 per 100mL", "category": "Winter Essentials"},
{"title": "Coles Antibacterial Hand Wash Sweet Orange | 1L", "price": "$3.00", "price_calculation": "$0.30 per 100mL", "category": "Winter Essentials"},
{"title": "Golden Light & Buttery Waffles 8 pack | 220g", "price": "$4.50", "price_calculation": "$2.05 per 100g", "category": "Winter Essentials"},
{"title": "B Honey Squeeze | 300g", "price": "$5.00", "price_calculation": "$1.67 per 100g", "category": "Winter Essentials"},
{"title": "Dari's Hearty Vegetable Soup | 550g", "price": "$5.50", "price_calculation": "$1.00 per 100g", "category": "Winter Essentials"},
{"title": "Wild Turkey American Honey Liqueur 700mL | 1 Each", "price": "$48.00", "price_calculation": "$68.57 per 1L", "category": "Winter Essentials"},
{"title": "Wolf Blass Red Label Shiraz Cabernet 750mL | 1 Each", "price": "$7.00", "price_calculation": "$9.33 per 1L", "category": "Winter Essentials"},
{"title": "Nestle Milo 30% Less Added Sugar Chocolate Malt Powder Drink | 395g", "price": "$9.40", "price_calculation": "$2.38 per 100g", "category": "Winter Essentials"},
{"title": "Continental Cup A Soup Chinese Chicken & Corn With Lots of Noodles Serves 2 | 66g", "price": "$2.80", "price_calculation": "$4.24 per 100g", "category": "Winter Essentials"},
{"title": "Kleenex Aloe Vera & Vitamin E 3 Ply Facial Tissues Cube | 60 Pack", "price": "$3.00", "price_calculation": "$0.05 per 1ea", "category": "Winter Essentials"},
{"title": "Dari's Chicken Noodle Soup | 550g", "price": "$5.50", "price_calculation": "$1.00 per 100g", "category": "Winter Essentials"},
{"title": "Campbell's Condensed Soup Can Cream Of Mushroom | 420g", "price": "$2.20", "price_calculation": "$0.52 per 100g", "category": "Winter Essentials"},
{"title": "Icare Facial Tissues 100% Recycled Aloe Vera | 95 pack", "price": "$2.20", "price_calculation": "$2.32 per 100ea", "category": "Winter Essentials"},
{"title": "Coles Kitchen Cheese & Garlic Baguette | 250g", "price": "$2.60", "price_calculation": "$1.04 per 100g", "category": "Winter Essentials"},
{"title": "Coles Antibacterial Hand Wash Refill Aloe Vera & Chamomile | 1L", "price": "$3.00", "price_calculation": "$0.30 per 100mL", "category": "Winter Essentials"},
{"title": "Jordans Crispy Oat Clusters Chunky Nut | 500g", "price": "$4.25", "price_calculation": "$0.85 per 100g", "category": "Winter Essentials"},
{"title": "Moccona Classic Dark Roast Instant Coffee | 400g", "price": "$18.00", "price_calculation": "$4.50 per 100g", "category": "Winter Essentials"},
{"title": "Coles Liquid Salt Reduced Real Chicken Stock | 1L", "price": "$1.90", "price_calculation": "$0.19 per 100mL", "category": "Winter Essentials"},
{"title": "Jordans Crispy Oat Clusters Wild About Berries Cereal | 500g", "price": "$4.25", "price_calculation": "$0.85 per 100g", "category": "Winter Essentials"},
{"title": "Dari's Chunky Minestrone Soup | 550g", "price": "$5.50", "price_calculation": "$1.00 per 100g", "category": "Winter Essentials"},
{"title": "Pensilva Pinot Noir 750mL | 1 Each", "price": "$20.00", "price_calculation": "$26.67 per 1L", "category": "Winter Essentials"},
{"title": "Mildara Limestone Coast Cabernet Sauvignon 750mL | 1 Each", "price": "$24.00", "price_calculation": "$32.00 per 1L", "category": "Winter Essentials"},
{"title": "Coles Mini Chicken Kiev | 320g", "price": "$5.50", "price_calculation": "$1.72 per 100g", "category": "Frozen"},
{"title": "McCain Red Box Tray Tuna Mornay  | 400g", "price": "$5.60", "price_calculation": "$1.40 per 100g", "category": "Frozen"},
{"title": "Marathon Frozen Spring Rolls 4 pack  | 640g", "price": "$6.50", "price_calculation": "$1.02 per 100g", "category": "Frozen"},
{"title": "Weight Watchers Beef Bolognese | 320g", "price": "$6.50", "price_calculation": "$2.03 per 100g", "category": "Frozen"},
{"title": "Birds Eye Snap Frozen Vegetables Peas Corn | 1 kg", "price": "$6.50", "price_calculation": "$6.50 per 1kg", "category": "Frozen"},
{"title": "Streets Blue Ribbon Classic Chocolate Ice Cream Tub | 2L", "price": "$7.00", "price_calculation": "$0.35 per 100mL", "category": "Frozen"},
{"title": "McCain Frozen Sweet Potato Chips | 750g", "price": "$7.70", "price_calculation": "$10.27 per 1kg", "category": "Frozen"},
{"title": "Magnum Ice Cream Mini Dulce De Leche 6Pack | 360mL", "price": "$8.00", "price_calculation": "$2.22 per 100mL", "category": "Frozen"},
{"title": "Creative Gourmet Frozen Mixed Berries | 750g", "price": "$8.00", "price_calculation": "$1.07 per 100g", "category": "Frozen"},
{"title": "Connoisseur Ice Cream Derwent Valley Raspberry & White Choc | 1L", "price": "$9.00", "price_calculation": "$0.90 per 100mL", "category": "Frozen"},
{"title": "Oreo Ice Cream Sandwich 4 Pack | 540mL", "price": "$9.50", "price_calculation": "$1.76 per 100mL", "category": "Frozen"},
{"title": "Patties Frozen Party Sausage Rolls 12 pack | 450g", "price": "$9.50", "price_calculation": "$2.11 per 100g", "category": "Frozen"},
{"title": "Birds Eye Frozen Fish Fingers 40 Pieces | 1kg", "price": "$10.50", "price_calculation": "$10.50 per 1kg", "category": "Frozen"},
{"title": "Cadbury Dairy Milk Ice Cream Caramello | 460mL", "price": "$12.00", "price_calculation": "$2.61 per 100mL", "category": "Frozen"},
{"title": "Bulla Splits Raspberry Ice Cream Sticks 10 pack | 750mL", "price": "$4.00", "price_calculation": "$0.53 per 100mL", "category": "Frozen"},
{"title": "Coles Lemon Curd Cheesecake | 450g", "price": "$4.30", "price_calculation": "$0.96 per 100g", "category": "Frozen"},
{"title": "Coles Sweet Chilli Chicken Tenders | 400g", "price": "$4.40", "price_calculation": "$11.00 per 1kg", "category": "Frozen"},
{"title": "McCain Frozen Healthy Choice Spinach & Ricotta Ravioli | 390g", "price": "$5.00", "price_calculation": "$1.43 per 100g", "category": "Frozen"},
{"title": "Creative Gourmet Frozen Lychees | 300g", "price": "$5.65", "price_calculation": "$18.83 per 1kg", "category": "Frozen"},
{"title": "Coles I M Free From Chicken Nuggets | 400g", "price": "$6.00", "price_calculation": "$15.00 per 1kg", "category": "Frozen"},
{"title": "Super Nature Frozen Wholegrain Butter Chicken With Freekeh Ancient Grain Mix Wellness Bowl | 350g", "price": "$6.00", "price_calculation": "$1.71 per 100g", "category": "Frozen"},
{"title": "McCain Red Box Plated Chicken Roast  | 320g", "price": "$6.00", "price_calculation": "$1.88 per 100g", "category": "Frozen"},
{"title": "Dr Oetker Ristorante Vegetale Pizza | 385g", "price": "$6.30", "price_calculation": "$1.64 per 100g", "category": "Frozen"},
{"title": "Coles Honey Caramel & Macadamia Ice Cream Tub | 1L", "price": "$6.50", "price_calculation": "$0.65 per 100mL", "category": "Frozen"},
{"title": "On The Menu Frozen Chicken Parmigiana | 320g", "price": "$7.00", "price_calculation": "$2.19 per 100g", "category": "Frozen"},
{"title": "McCain Lil Pizza Cheesy Margherita | 380g", "price": "$7.80", "price_calculation": "$2.05 per 100g", "category": "Frozen"},
{"title": "Peters No Sugar Added Ice Cream | 1.2L", "price": "$8.00", "price_calculation": "$0.67 per 100mL", "category": "Frozen"},
{"title": "On The Menu Smoke BBQ Meatballs With Spicy Rice | 480g", "price": "$8.00", "price_calculation": "$1.67 per 100g", "category": "Frozen"},
{"title": "Four'N Twenty Frozen Chicken & Vegetable Pies 4 pack | 700g", "price": "$8.50", "price_calculation": "$1.21 per 100g", "category": "Frozen"},
{"title": "Coles Frozen Organic Bluberries | 450g", "price": "$8.80", "price_calculation": "$1.96 per 100g", "category": "Frozen"},
{"title": "Connoisseur Ice Cream Murray River Salted Caramel & Hazelnut | 1L", "price": "$9.00", "price_calculation": "$0.90 per 100mL", "category": "Frozen"},
{"title": "Connoisseur Ice Cream Chocolate Brownie Custard  | 1L", "price": "$9.00", "price_calculation": "$0.90 per 100mL", "category": "Frozen"},
{"title": "Streets Paddle Pop Cyclone Ice Cream Sticks 8 pack | 688mL", "price": "$9.00", "price_calculation": "$1.31 per 100mL", "category": "Frozen"},
{"title": "Vadilal Bhindi Whole | 312g", "price": "$2.40", "price_calculation": "$0.77 per 100g", "category": "Frozen"},
{"title": "King Of Kings Peking Duck Pastry | 130g", "price": "$2.50", "price_calculation": "$1.92 per 100g", "category": "Frozen"},
{"title": "Coles Cookies & Cream Ice Cream Sandwich 4 Pack | 440 ml", "price": "$3.20", "price_calculation": "$0.73 per 100mL", "category": "Frozen"},
{"title": "Vadilal Shredded Coconut | 312g", "price": "$3.40", "price_calculation": "$1.09 per 100g", "category": "Frozen"},
{"title": "Borg's Triangles Feta | 360g", "price": "$3.50", "price_calculation": "$0.97 per 100g", "category": "Frozen"},
{"title": "Birds Eye Snap Frozen Broad Beans | 500g", "price": "$4.00", "price_calculation": "$8.00 per 1kg", "category": "Frozen"},
{"title": "Coles Veg Pad Thai | 375g", "price": "$4.00", "price_calculation": "$1.07 per 100g", "category": "Frozen"},
{"title": "Coles Chicken Chippies | 400g", "price": "$4.40", "price_calculation": "$11.00 per 1kg", "category": "Frozen"},
{"title": "Coles Frozen Hawaiian Pizza | 500g", "price": "$5.00", "price_calculation": "$1.00 per 100g", "category": "Frozen"},
{"title": "Yo Chi Frozen Chocolate Yoghurt | 500mL", "price": "$5.50", "price_calculation": "$1.10 per 100mL", "category": "Frozen"},
{"title": "Birds Eye Whiting Fish Finger | 350g", "price": "$6.00", "price_calculation": "$17.14 per 1kg", "category": "Frozen"},
{"title": "Birds Eye Snap Frozen Baby Beans- Carrot & Corn | 1 kg", "price": "$6.50", "price_calculation": "$6.50 per 1kg", "category": "Frozen"},
{"title": "Bega Smooth Peanut Butter | 780g", "price": "$7.50", "price_calculation": "$0.96 per 100g", "category": "Pantry"},
{"title": "Lean Cuisine Thai Red Chicken Curry | 375g", "price": "$7.00", "price_calculation": "$1.87 per 100g", "category": "Frozen"},
{"title": "Kellogg's Coco Pops Chocolatey Breakfast Cereal | 650g", "price": "$7.50", "price_calculation": "$1.15 per 100g", "category": "Pantry"},
{"title": "Vegie Delights Plant Based Not Burger | 300g", "price": "$7.00", "price_calculation": "$2.33 per 100g", "category": "Frozen"},
{"title": "Coles Beans 4 Bean Mix | 420g", "price": "$1.00", "price_calculation": "$2.38 per 1kg", "category": "Pantry"},
{"title": "On The Menu Frozen BBQ Mixed Grill | 320g", "price": "$7.00", "price_calculation": "$2.19 per 100g", "category": "Frozen"},
{"title": "SPC Canned Baked Beans | 425g", "price": "$1.10", "price_calculation": "$2.59 per 1kg", "category": "Pantry"},
{"title": "Coles Corn Kernels - NAS | 420g", "price": "$1.10", "price_calculation": "$2.62 per 1kg", "category": "Pantry"},
{"title": "Coles Microwave Jasmine Rice | 250g", "price": "$1.75", "price_calculation": "$0.70 per 100g", "category": "Pantry"},
{"title": "Cadbury Soft Biscuit Choc Centre | 156g", "price": "$2.00", "price_calculation": "$1.28 per 100g", "category": "Pantry"},
{"title": "Continental Cup A Soup Asian Laksa Serves 2 | 65g", "price": "$2.80", "price_calculation": "$4.31 per 100g", "category": "Pantry"},
{"title": "Sanitarium Weet Bix | 375g", "price": "$3.50", "price_calculation": "$0.93 per 100g", "category": "Pantry"},
{"title": "Parker's Baked Pretzels Wheat Original | 200g", "price": "$3.50", "price_calculation": "$1.75 per 100g", "category": "Pantry"},
{"title": "Lotus Biscoff Biscuits | 250g", "price": "$4.50", "price_calculation": "$1.80 per 100g", "category": "Pantry"},
{"title": "Coles Jumbo Cashews Salted | 200g", "price": "$5.00", "price_calculation": "$25.00 per 1kg", "category": "Pantry"},
{"title": "Red Rock Deli Honey Soy Chicken Party Bag Potato Chips | 290g", "price": "$6.00", "price_calculation": "$2.07 per 100g", "category": "Pantry"},
{"title": "Coles Lemon Juice | 250mL", "price": "$1.00", "price_calculation": "$0.04 per 10mL", "category": "Pantry"},
{"title": "Twining's Pure Peppermint Infusions Tea Bags | 10 Pack", "price": "$1.50", "price_calculation": "$0.15 per 1ea", "category": "Pantry"},
{"title": "Oreo Chocolate Cookies | 133g", "price": "$1.75", "price_calculation": "$1.32 per 100g", "category": "Pantry"},
{"title": "Zafarelli Lisio Piccolo Pasta No 40  | 500g", "price": "$1.85", "price_calculation": "$0.37 per 100g", "category": "Pantry"},
{"title": "Coles Jasmine Rice | 2kg", "price": "$5.50", "price_calculation": "$0.28 per 100g", "category": "Pantry"},
{"title": "Maltesers Milk Chocolate Snack Party Bag | 280g", "price": "$6.00", "price_calculation": "$2.14 per 100g", "category": "Pantry"},
{"title": "Alfa One Pure Rice Bran Oil | 3L", "price": "$17.00", "price_calculation": "$0.57 per 100mL", "category": "Pantry"},
{"title": "Coles Tuna Chunks in Olive Oil Blend | 95g", "price": "$1.10", "price_calculation": "$11.58 per 1kg", "category": "Pantry"},
{"title": "Coles Pineapple Pieces in Syrup | 425g", "price": "$1.65", "price_calculation": "$3.88 per 1kg", "category": "Pantry"},
{"title": "Mcvities Digestives Biscuits Dark Chocolate | 266g", "price": "$3.30", "price_calculation": "$1.24 per 100g", "category": "Pantry"},
{"title": "Pringles Minis Multi Pack Original 5 Pack | 95g", "price": "$4.00", "price_calculation": "$4.21 per 100g", "category": "Pantry"},
{"title": "Snickers Chocolate Party Share Bag 12 Pieces | 180g", "price": "$5.00", "price_calculation": "$2.78 per 100g", "category": "Pantry"},
{"title": "Top 20 Variety Potato Chips 20 pack | 375g", "price": "$7.50", "price_calculation": "$2.00 per 100g", "category": "Pantry"},
{"title": "Cadbury Dairy Milk Caramello Koala Chocolate Bar | 35g", "price": "$1.00", "price_calculation": "$2.86 per 100g", "category": "Pantry"},
{"title": "Green's Pancake Shake Mix Buttermilk | 325g", "price": "$2.10", "price_calculation": "$0.65 per 100g", "category": "Pantry"},
{"title": "Coles Canola Oil Cooking Spray | 400g", "price": "$2.50", "price_calculation": "$0.63 per 100g", "category": "Pantry"},
{"title": "Doritos Corn Chips Kingpin Burger | 150g", "price": "$3.35", "price_calculation": "$2.23 per 100g", "category": "Pantry"},
{"title": "The Natural Confectionery Co. Sour Squirms Lollies | 220g", "price": "$4.00", "price_calculation": "$1.82 per 100g", "category": "Pantry"},
{"title": "Annalisa Chickpeas | 400g", "price": "$1.90", "price_calculation": "$4.75 per 1kg", "category": "Pantry"},
{"title": "Coles Chicken Instant Noodles 5x85g | 425g", "price": "$2.00", "price_calculation": "$0.47 per 100g", "category": "Pantry"},
{"title": "Nestle Chokito Block Chocolate | 170g", "price": "$2.75", "price_calculation": "$1.62 per 100g", "category": "Pantry"},
{"title": "Allen's Lollies Killer Pythons | 192g", "price": "$3.00", "price_calculation": "$1.56 per 100g", "category": "Pantry"},
{"title": "Coles Pepitas | 250g", "price": "$3.00", "price_calculation": "$12.00 per 1kg", "category": "Pantry"},
{"title": "Coles Special Burger Sauce | 360g", "price": "$3.20", "price_calculation": "$0.89 per 100g", "category": "Pantry"},
{"title": "Haribo Goldbears | 150g", "price": "$3.50", "price_calculation": "$2.33 per 100g", "category": "Pantry"},
{"title": "Green's Pancake Shake Mix Buttermilk | 325g", "price": "$2.10", "price_calculation": "$0.65 per 100g", "category": "Winter Essentials"},
{"title": "Coles Conforming Bandage | 1 each", "price": "$2.50", "price_calculation": "$2.50 per 1ea", "category": "Dropped & Locked"},
{"title": "Baileys Irish Cream 1L | 1 Each", "price": "$49.00", "price_calculation": "$49.00 per 1L", "category": "Winter Essentials"},
{"title": "MasterFoods Creamy White Finishing Sauce | 160g", "price": "$2.50", "price_calculation": "$0.16 per 10g", "category": "Dropped & Locked"},
{"title": "Tip Top Spicy Fruit English Muffins | 6 pack", "price": "$3.00", "price_calculation": "$0.50 per 1ea", "category": "Winter Essentials"},
{"title": "Hart & Soul Coconut Lentil Soup Pouch | 400g", "price": "$3.80", "price_calculation": "$0.95 per 100g", "category": "Dropped & Locked"},
{"title": "Coles Rolled Oats Value Pack | 1.8 kg", "price": "$3.10", "price_calculation": "$0.17 per 100g", "category": "Winter Essentials"},
{"title": "Hart & Soul Cauliflower & Cashew Soup Pouch | 400g", "price": "$3.80", "price_calculation": "$0.95 per 100g", "category": "Dropped & Locked"},
{"title": "Coles Cleaning Wipes | 120 pack", "price": "$3.50", "price_calculation": "$2.92 per 100ea", "category": "Winter Essentials"},
{"title": "Golden Circle Cordial Lime Crush Cordial | 2L", "price": "$3.90", "price_calculation": "$1.95 per 1L", "category": "Dropped & Locked"},
{"title": "Dari's Hearty Chicken Soup | 550g", "price": "$5.50", "price_calculation": "$1.00 per 100g", "category": "Winter Essentials"},
{"title": "Mckenzie's Fibre Superblend | 375g", "price": "$3.90", "price_calculation": "$1.04 per 100g", "category": "Dropped & Locked"},
{"title": "Coles Cafe Style Raisin Toast | 650g", "price": "$3.70", "price_calculation": "$0.57 per 100g", "category": "Winter Essentials"},
{"title": "Coles Joyful Protein Bar Chocolate Fudge 190g | 1 each", "price": "$4.00", "price_calculation": "$2.11 per 100g", "category": "Dropped & Locked"},
{"title": "Coles Lamb Boneless Shoulder Roast | approx 1.3kg", "price": "$28.60", "price_calculation": "$22.00 per 1kg", "category": "Winter Essentials"},
{"title": "Coles Joyful Muesli Bar Double Chocolate 180g | 1 each", "price": "$4.00", "price_calculation": "$2.22 per 100g", "category": "Dropped & Locked"},
{"title": "Continental Chicken Noodle Soup Serves 4 | 45g", "price": "$1.20", "price_calculation": "$2.67 per 100g", "category": "Winter Essentials"},
{"title": "Coles Pain Relief Extra | 20 pack", "price": "$4.50", "price_calculation": "$0.23 per 1ea", "category": "Dropped & Locked"},
{"title": "Vegemite Spread | 560g", "price": "$9.00", "price_calculation": "$1.61 per 100g", "category": "Winter Essentials"},
{"title": "Somat Rinser & Drying Booster Dishwasher Rinse Aid | 500mL", "price": "$4.75", "price_calculation": "$0.95 per 100mL", "category": "Dropped & Locked"},
{"title": "Panadol Mini Caps for Pain Relief Paracetamol 500mg | 20 pack", "price": "$5.15", "price_calculation": "$0.26 per 1ea", "category": "Winter Essentials"},
{"title": "Coles Foam Ear Plugs | 4 pack", "price": "$5.00", "price_calculation": "$1.25 per 1ea", "category": "Dropped & Locked"},
{"title": "Golden Pancakes 6 Pack | 360g", "price": "$5.50", "price_calculation": "$1.53 per 100g", "category": "Winter Essentials"},
{"title": "Carman's Fibre Rich Probiotic Honey & Almond | 240g", "price": "$5.00", "price_calculation": "$2.08 per 100g", "category": "Dropped & Locked"},
{"title": "Bega Peanut Butter Crunchy | 780g", "price": "$7.50", "price_calculation": "$0.96 per 100g", "category": "Winter Essentials"},
{"title": "Heritage Mill Muesli Raspberry Vanilla Yoghurt Limited Edition | 750g", "price": "$5.00", "price_calculation": "$0.67 per 100g", "category": "Dropped & Locked"},
{"title": "Bundaberg UP Rum 700mL | 1 Each", "price": "$45.00", "price_calculation": "$64.29 per 1L", "category": "Winter Essentials"},
{"title": "Vogel's Pistachio Almond And Cashew Crunchy Clusters | 400g", "price": "$5.50", "price_calculation": "$1.38 per 100g", "category": "Dropped & Locked"},
{"title": "BLCK Vodka 700mL | 1 Each", "price": "$40.00", "price_calculation": "$57.14 per 1L", "category": "Winter Essentials"},
{"title": "Old Time Bakery Gluten Free Wholesome Buckwheat Wraps | 250g", "price": "$5.80", "price_calculation": "$2.32 per 100g", "category": "Dropped & Locked"},
{"title": "James Squire Ginger Beer Can 330mL | 6 pack", "price": "$21.00", "price_calculation": null, "category": "Winter Essentials"},
{"title": "Old Time Bakery Gluten Free Lebanese Bread | 280g", "price": "$5.80", "price_calculation": "$2.07 per 100g", "category": "Dropped & Locked"},
{"title": "Coles Antibacterial Hand Wash Lime Fresh | 1L", "price": "$3.00", "price_calculation": "$0.30 per 100mL", "category": "Winter Essentials"},
{"title": "Dove Body Wash Restoring | 500mL", "price": "$7.00", "price_calculation": "$1.40 per 100mL", "category": "Dropped & Locked"},
{"title": "Kleenex Everday Silk Touch Facial Tissues | 250 pack", "price": "$4.00", "price_calculation": "$1.60 per 100ea", "category": "Winter Essentials"},
{"title": "Street Pizza Tropical Hawaiian | 365g", "price": "$7.50", "price_calculation": "$2.05 per 100g", "category": "Dropped & Locked"},
{"title": "-196 Double Lemon & Vodka Can 330ml | 10 Pack", "price": "$49.00", "price_calculation": "$14.85 per 1L", "category": "Winter Essentials"},
{"title": "Street Pizza Sweet Chilli Chicken | 385g", "price": "$7.50", "price_calculation": "$1.95 per 100g", "category": "Dropped & Locked"},
{"title": "Nescafe Blend 43 Instant Coffee | 500g", "price": "$26.00", "price_calculation": "$5.20 per 100g", "category": "Winter Essentials"},
{"title": "Street Margherita Pizza | 355g", "price": "$8.60", "price_calculation": "$2.42 per 100g", "category": "Dropped & Locked"},
{"title": "Green's Pancake Shake Mix Original | 375g", "price": "$2.10", "price_calculation": "$0.56 per 100g", "category": "Winter Essentials"},
{"title": "Street Pepperoni Pizza | 345g", "price": "$8.60", "price_calculation": "$2.49 per 100g", "category": "Dropped & Locked"},
{"title": "Continental Cup A Soup Italian Minestrone Serves 2 | 75g", "price": "$2.80", "price_calculation": "$3.73 per 100g", "category": "Winter Essentials"},
{"title": "Strepsil Herbal Blocked Nose Sore Throat Honey Lemon | 32 pack", "price": "$11.50", "price_calculation": "$0.36 per 1ea", "category": "Dropped & Locked"},
{"title": "Dilmah Pure Ceylon Extra Strength Tea Bags 100 pack | 240g", "price": "$5.25", "price_calculation": "$0.05 per 1ea", "category": "Winter Essentials"},
{"title": "Difflam Plus Lozengers Anaesthetic Honey & Lemon | 32 pack", "price": "$15.00", "price_calculation": "$0.47 per 1ea", "category": "Dropped & Locked"},
{"title": "Coles Boneless Pork Shoulder Roast | approx 2.6kg", "price": "$23.40", "price_calculation": "$9.00 per 1kg", "category": "Winter Essentials"},
{"title": "Dynamo Profession 7 In 1 Laundry Liquid | 3.6L", "price": "$26.00", "price_calculation": "$7.22 per 1L", "category": "Dropped & Locked"},
{"title": "Dari's Chicken And Corn Soup | 550g", "price": "$5.50", "price_calculation": "$1.00 per 100g", "category": "Winter Essentials"},
{"title": "Somat Excellence Capsules | 74 Pack", "price": "$33.00", "price_calculation": "$44.60 per 100ea", "category": "Dropped & Locked"},
{"title": "Vegemite Spread | 380g", "price": "$7.00", "price_calculation": "$1.84 per 100g", "category": "Winter Essentials"},
{"title": "Brita Water Jug Filters Maxtra Plus | 6 pack", "price": "$60.00", "price_calculation": "$10.00 per 1ea", "category": "Dropped & Locked"},
{"title": "Kleenex Eucalyptus 3 Ply Facial Tissues | 95 pack", "price": "$2.60", "price_calculation": "$2.74 per 100ea", "category": "Winter Essentials"},
{"title": "Coles Glitter Number Candle No 4 | 1 each", "price": "$1.40", "price_calculation": "$1.40 per 1ea", "category": "Dropped & Locked"},
{"title": "Bega Peanut Butter Smooth | 375g", "price": "$4.30", "price_calculation": "$1.15 per 100g", "category": "Winter Essentials"},
{"title": "Cadbury Crunchie Chocolate Bars Twin Pack | 80g", "price": "$1.80", "price_calculation": "$2.25 per 100g", "category": "Dropped & Locked"},
{"title": "Twinings Pure Peppermint Infusions Tea Bags | 160g", "price": "$13.50", "price_calculation": "$0.17 per 1ea", "category": "Winter Essentials"},
{"title": "Coles Silver Happy Birthday Acrylic Cake Plaque Small | 1 each", "price": "$2.00", "price_calculation": "$2.00 per 1ea", "category": "Dropped & Locked"},
{"title": "Coles BAGEL SESAME 4 PACK | 360g", "price": "$2.50", "price_calculation": "$0.69 per 100g", "category": "Winter Essentials"},
{"title": "Mckenzie's White Beans | 375g", "price": "$2.30", "price_calculation": "$0.61 per 100g", "category": "Dropped & Locked"},
{"title": "Lipton English Breakfast Black Tea Bags | 100 pack", "price": "$2.90", "price_calculation": "$0.03 per 1ea", "category": "Winter Essentials"},
{"title": "Mckenzie's Borlotti Beans | 375g", "price": "$2.30", "price_calculation": "$0.61 per 100g", "category": "Dropped & Locked"},
{"title": "Capilano Pure Honey Squeeze | 340g", "price": "$5.95", "price_calculation": "$1.75 per 100g", "category": "Winter Essentials"},
{"title": "Coles Assorted Shapes Medistrips | 50 pack", "price": "$2.70", "price_calculation": "$0.05 per 1ea", "category": "Dropped & Locked"},
{"title": "Kleenex Everyday 2 Ply Facial Tissues Cube | 85 pack", "price": "$3.00", "price_calculation": "$3.53 per 100ea", "category": "Winter Essentials"},
{"title": "Coles Gold & Silver Stars On Wire | 1 each", "price": "$3.15", "price_calculation": "$3.15 per 1ea", "category": "Dropped & Locked"},
{"title": "Kleenex Soft & Thick 2 Ply Facial Tissues | 120 pack", "price": "$3.80", "price_calculation": "$3.17 per 100ea", "category": "Winter Essentials"},
{"title": "Coles Finest All Butter Cheese & Onion Pinwheel Crackers | 90g", "price": "$3.50", "price_calculation": "$3.89 per 100g", "category": "Dropped & Locked"},
{"title": "Massel Gourmet Liquid Chicken Stock | 1L", "price": "$4.00", "price_calculation": "$0.40 per 100mL", "category": "Winter Essentials"},
{"title": "Nivea Pearl & Beauty Roll On Antiperspirant Deodorant | 50mL", "price": "$3.69", "price_calculation": "$7.38 per 100mL", "category": "Dropped & Locked"},
{"title": "Kleenex Everyday On The Go Facial Tissues Soft Pack | 60 pack", "price": "$1.80", "price_calculation": "$3.00 per 100ea", "category": "Winter Essentials"},
{"title": "Mingle Garlic and Herb Seasoning | 50g", "price": "$4.00", "price_calculation": "$0.80 per 10g", "category": "Dropped & Locked"},
{"title": "Dilmah Pure Ceylon Premium Tea Bags 100 pack | 200g", "price": "$4.10", "price_calculation": "$0.04 per 1ea", "category": "Winter Essentials"},
{"title": "Mingle Seasoning BBQ Lovers | 50g", "price": "$4.00", "price_calculation": "$0.80 per 10g", "category": "Dropped & Locked"},
{"title": "Uncle Tobys Cheerios Honey Multigrain Cereal | 570g", "price": "$7.50", "price_calculation": "$1.32 per 100g", "category": "Winter Essentials"},
{"title": "Coles Joyful Protein Bar Peanut Butter 190g | 1 each", "price": "$4.00", "price_calculation": "$2.11 per 100g", "category": "Dropped & Locked"},
{"title": "Coles Boneless Pork Leg Roast | approx 2.1kg", "price": "$19.95", "price_calculation": "$9.50 per 1kg", "category": "Winter Essentials"},
{"title": "Straten Red Mini Paper Cups | 50 pack", "price": "$4.05", "price_calculation": "$8.10 per 100ea", "category": "Dropped & Locked"},
{"title": "Kleenex Eucalyptus 3 Ply Facial Tissues | 140 pack", "price": "$4.50", "price_calculation": "$3.21 per 100ea", "category": "Winter Essentials"},
{"title": "Queen Victoria Tea Digest Blend Tea Bags | 18 pack", "price": "$4.50", "price_calculation": "$0.25 per 1ea", "category": "Dropped & Locked"},
{"title": "Twinings Pure Green Tea Bags 100 pack | 150g", "price": "$13.50", "price_calculation": "$0.14 per 1ea", "category": "Winter Essentials"},
{"title": "Queen Victoria Tea Awaken Blend Tea Bags | 18 pack", "price": "$4.50", "price_calculation": "$0.25 per 1ea", "category": "Dropped & Locked"},
{"title": "Saltram 1859 Barossa Shiraz 750mL | 1 Each", "price": "$15.00", "price_calculation": "$20.00 per 1L", "category": "Winter Essentials"},
{"title": "Queen Victoria Tea Calming Blend Tea Bags | 18 pack", "price": "$4.50", "price_calculation": "$0.25 per 1ea", "category": "Dropped & Locked"},
{"title": "Campbell's Real Stock Vegetable Stock Salt Reduced | 1L", "price": "$2.25", "price_calculation": "$0.23 per 100mL", "category": "Winter Essentials"},
{"title": "Frys Meat Free Chicken Stars & Moons | 300g", "price": "$5.00", "price_calculation": "$16.67 per 1kg", "category": "Dropped & Locked"},
{"title": "Bega Dairylea Cheddar Cheese Block | 500g", "price": "$7.90", "price_calculation": "$15.80 per 1kg", "category": "Winter Essentials"},
{"title": "Life Savers Sugar Value Bag Mixed Stix | 440g", "price": "$5.00", "price_calculation": "$1.14 per 100g", "category": "Dropped & Locked"},
{"title": "Carman's Porridge Oats Sachets Cholesterol Lowering Creamy Vanilla | 200g", "price": "$5.00", "price_calculation": "$2.50 per 100g", "category": "Dropped & Locked"},
{"title": "Nexba Non Alcoholic Spritz Limoncello | 750mL", "price": "$12.00", "price_calculation": "$16.00 per 1L", "category": "Liquor"},
{"title": "Mornington Free Pale Ale Non-alcoholic 6x375mL | 6 pack", "price": "$14.00", "price_calculation": "$6.22 per 1L", "category": "Liquor"},
{"title": "Naked Life Non Alcoholic Canadian Rye 4x250mL | 4 pack", "price": "$15.00", "price_calculation": "$15.00 per 1L", "category": "Liquor"},
{"title": "Lyre's Non Alcoholic Italian Spritz 200mL | 1 Each", "price": "$15.00", "price_calculation": "$75.00 per 1L", "category": "Liquor"},
{"title": "Naked Life Non Alcoholic Mojito Spritz Cocktail 4x250mL | 4 pack", "price": "$15.00", "price_calculation": "$15.00 per 1L", "category": "Liquor"},
{"title": "Nort Refreshing Ale Can 375mL | 6 Pack", "price": "$16.00", "price_calculation": "$7.11 per 1L", "category": "Liquor"},
{"title": "Samuel Wynn Cabernet Sauvignon 750mL | 1 each", "price": "$17.00", "price_calculation": "$22.67 per 1L", "category": "Liquor"},
{"title": "Mornington Brown Ale Can 375mL | 6 Pack", "price": "$18.00", "price_calculation": "$8.00 per 1L", "category": "Liquor"},
{"title": "Jetty Road Pale Ale Cans 375mL | 4 Pack", "price": "$20.00", "price_calculation": "$1.33 per 100mL", "category": "Liquor"},
{"title": "Mountain Goat SIPA Can 375mL | 6 Pack", "price": "$20.00", "price_calculation": "$8.89 per 1L", "category": "Liquor"},
{"title": "Spill Easy Going Lager Can 375mL | 4 Pack", "price": null, "price_calculation": null, "category": "Liquor"},
{"title": "Athletic Brewing Company Run Wild Non Alcholic Beer 6x355mL | 6 pack", "price": "$20.00", "price_calculation": "$9.39 per 1L", "category": "Liquor"},
{"title": "Moon Dog Fizzer Strawberries & Cream 330mL | 6 Pack", "price": "$21.00", "price_calculation": "$10.61 per 1L", "category": "Liquor"},
{"title": "Moon Dog Fruit Sour 1 Can 330mL | 4 Pack", "price": "$22.00", "price_calculation": "$16.67 per 1L", "category": "Liquor"},
{"title": "Smirnoff Seltzer Natural Orange Can 250mL | 4 Pack", "price": "$22.00", "price_calculation": "$22.00 per 1L", "category": "Liquor"},
{"title": "Smirnoff Seltzer Raspberry Rose Can 250mL | 4 Pack", "price": null, "price_calculation": null, "category": "Liquor"},
{"title": "Wolf Of The Willows XPA Can 355mL | 6 Pack", "price": null, "price_calculation": null, "category": "Liquor"},
{"title": "Burnley Brewing Summer Ale Can 355mL | 6 Pack", "price": "$27.00", "price_calculation": "$12.68 per 1L", "category": "Liquor"},
{"title": "West Coast Cooler Bottles 250mL | 6 Pack", "price": "$28.00", "price_calculation": "$18.67 per 1L", "category": "Liquor"},
{"title": "23rd Street Hybrid Whisk(e)y 200mL | 1 Each", "price": "$28.00", "price_calculation": "$140.00 per 1L", "category": "Liquor"},
{"title": "Wolf Of The Willows IPA Homage Can 355mL | 6 Pack", "price": "$29.00", "price_calculation": "$13.62 per 1L", "category": "Liquor"},
{"title": "Tanqueray Flor de Sevilla Gin & Soda Bottles 275mL | 4 Pack", "price": "$31.00", "price_calculation": "$28.18 per 1L", "category": "Liquor"},
{"title": "Go Shu Blue Australian Sake 720mL | 1 Each", "price": "$35.00", "price_calculation": "$48.61 per 1L", "category": "Liquor"},
{"title": "Deeds Fuel Injection Summer Ale Can 440mL | 4 Pack", "price": "$44.00", "price_calculation": "$25.00 per 1L", "category": "Liquor"},
{"title": "Dainton Flamingo Pink Lemonade Sour Can 355mL | 16 Pack", "price": "$52.00", "price_calculation": "$9.15 per 1L", "category": "Liquor"},
{"title": "Mountain Goat SIPA Can 375mL | 24 Pack", "price": "$56.00", "price_calculation": "$6.22 per 1L", "category": "Liquor"},
{"title": "Mornington Brown Ale Can 375mL | 24 Pack", "price": "$64.00", "price_calculation": "$7.11 per 1L", "category": "Liquor"},
{"title": "Bodriggy Stingray Draught Can 355mL | 24 Pack", "price": "$65.00", "price_calculation": "$7.63 per 1L", "category": "Liquor"},
{"title": "Hard Road Drongo's Revenge ESB Can 375mL | 16 Pack", "price": "$66.00", "price_calculation": "$11.00 per 1L", "category": "Liquor"},
{"title": "Hard Road Righty's Pale Ale Can 375mL | 16 Pack", "price": "$66.00", "price_calculation": "$11.00 per 1L", "category": "Liquor"},
{"title": "Moon Dog Fizzer Strawberries & Cream 330mL | 24 Pack", "price": "$70.00", "price_calculation": "$8.84 per 1L", "category": "Liquor"},
{"title": "Moon Dog Tropical Beer Can 330mL | 24 Pack", "price": null, "price_calculation": null, "category": "Liquor"},
{"title": "Ray Watermelon & Mint Seltzer Can 330mL | 16 Pack", "price": "$72.00", "price_calculation": "$13.64 per 1L", "category": "Liquor"},
{"title": "Five 3 Brewing The Long Session Can 375mL | 24 Pack", "price": "$78.00", "price_calculation": "$8.67 per 1L", "category": "Liquor"},
{"title": "Burnley Brewing Summer Ale Can 355mL | 24 Pack", "price": "$79.00", "price_calculation": "$9.29 per 1L", "category": "Liquor"},
{"title": "Burnley Brewing Pale Ale Can 440mL | 16 pack", "price": "$80.00", "price_calculation": "$11.36 per 1L", "category": "Liquor"},
{"title": "Five 3 Brewing Rocket's Pale Ale Can 375mL | 24 Pack", "price": "$83.00", "price_calculation": "$9.22 per 1L", "category": "Liquor"},
{"title": "Canard Duchene Brut Vintage Champagne 750mL | 1 Each", "price": "$85.00", "price_calculation": "$113.33 per 1L", "category": "Liquor"},
{"title": "Hop Nation The Heart Pale Ale Can 375mL | 24 Pack", "price": "$89.00", "price_calculation": "$0.99 per 100mL", "category": "Liquor"},
{"title": "Mismatch Galaxy Hopped Cider Can 375mL | 24 Pack", "price": "$95.00", "price_calculation": "$10.56 per 1L", "category": "Liquor"},
{"title": "Moon Dog Fruit Sour 1 Can 330mL | 24 Pack", "price": "$97.00", "price_calculation": "$12.25 per 1L", "category": "Liquor"},
{"title": "Actual Seltzer Mango Can 300mL | 24 Pack", "price": "$105.00", "price_calculation": "$14.58 per 1L", "category": "Liquor"},
{"title": "Five 3 Brewing Hazy Lager Can 375mL | 24 Pack", "price": "$105.00", "price_calculation": "$11.67 per 1L", "category": "Liquor"},
{"title": "Moon Dog Fizzer Seltzer 6% Can 330mL | 30 Pack", "price": "$110.00", "price_calculation": "$11.11 per 1L", "category": "Liquor"},
{"title": "Strongbow Ultra Mango Cider Can 330mL | 24 Pack", "price": "$113.00", "price_calculation": "$14.27 per 1L", "category": "Liquor"},
{"title": "Kentucky Bourbon Double Serve & Cola Can 375mL | 24 Pack", "price": "$113.00", "price_calculation": "$12.56 per 1L", "category": "Liquor"},
{"title": "Smirnoff Seltzer Raspberry Rose Can 250mL | 24 Pack", "price": null, "price_calculation": null, "category": "Liquor"},
{"title": "Aerogard Odourless Protection Repellent | 150g", "price": "$12.00", "price_calculation": "$8.00 per 100g", "category": "Household"},
{"title": "Pine O Cleen Disinfectant Wipes Eucalyptus | 110 pack", "price": "$12.00", "price_calculation": "$10.91 per 100ea", "category": "Household"},
{"title": "Toolworx Pliers | 1 pack", "price": "$12.25", "price_calculation": null, "category": "Household"},
{"title": "Dylon Velvet Black Fabric Machine Dye | 100g", "price": "$12.40", "price_calculation": "$124.00 per 1kg", "category": "Household"},
{"title": "Brunnings Weed Kill For Lawns | 1L", "price": "$12.50", "price_calculation": "$12.50 per 1L", "category": "Household"},
{"title": "Raid Max Pest Multi Insect Killer Spring Meadow | 300g", "price": "$12.50", "price_calculation": "$4.17 per 100g", "category": "Household"},
{"title": "Bonds Womens Retro Rib Crop Assorted 14 & 16 | 1 pack", "price": "$25.00", "price_calculation": "$25.00 per 1ea", "category": "Household"},
{"title": "Vtech Spidey Ring Ring Phone | 1 each", "price": "$25.00", "price_calculation": "$25.00 per 1ea", "category": "Household"},
{"title": "3M P2 Particulate Respirator | 3 pack", "price": "$12.70", "price_calculation": "$4.23 per 1ea", "category": "Household"},
{"title": "Duracell Hearing Aid S312 Batteries | 8 pack", "price": "$13.00", "price_calculation": "$1.63 per 1ea", "category": "Household"},
{"title": "Duracell Hearing Aid S13 Batteries | 8 pack", "price": "$13.00", "price_calculation": "$1.63 per 1ea", "category": "Household"},
{"title": "Yates Weed N Feed Granular | 5kg", "price": "$13.00", "price_calculation": "$2.60 per 1kg", "category": "Household"},
{"title": "Sabco Super Swish Xtra Wet Refill | 1 each", "price": "$13.00", "price_calculation": "$13.00 per 1ea", "category": "Household"},
{"title": "Barbie I Can Be Careers Doll | 1 each", "price": "$13.00", "price_calculation": "$1.18 per 1ea", "category": "Household"},
{"title": "Brunnings Tough Lawn Seed | 1kg", "price": "$13.00", "price_calculation": "$13.00 per 1kg", "category": "Household"},
{"title": "Twinings English Breakfast Tea Bags 100 pack | 200g", "price": "$13.50", "price_calculation": "$0.14 per 1ea", "category": "Winter Essentials"},
{"title": "Miirabella Led G95 Filament Amber ES 2W 150LM 1800K | 1 each", "price": null, "price_calculation": null, "category": "Household"},
{"title": "St Dalfour Strawberry Spread | 284g", "price": "$5.70", "price_calculation": "$2.01 per 100g", "category": "Winter Essentials"},
{"title": "Botanica By Air Wick Le Fragrance Refills French Lavender Honey Blossom | 38mL", "price": "$13.15", "price_calculation": "$3.46 per 10mL", "category": "Household"},
{"title": "Capilano Pure Honey Squeeze | 500g", "price": "$6.80", "price_calculation": "$1.36 per 100g", "category": "Winter Essentials"},
{"title": "Hold Up Tube | 130g", "price": "$13.20", "price_calculation": "$10.15 per 100g", "category": "Household"},
{"title": "Coles Carisma Washed Potatoes | 2kg", "price": "$7.50", "price_calculation": "$3.75 per 1kg", "category": "Winter Essentials"},
{"title": "Korbond Soft Touch Scissors 9 inch | 1 each", "price": "$13.20", "price_calculation": "$13.20 per 1ea", "category": "Household"},
{"title": "Cadbury Drinking Chocolate | 450g", "price": "$6.00", "price_calculation": "$1.33 per 100g", "category": "Winter Essentials"},
{"title": "Bic Intensity Fineliners Assorted | 10 pack", "price": "$13.50", "price_calculation": "$1.35 per 1ea", "category": "Household"},
{"title": "Coles Lamb Whole Lamb Leg Roast | approx 2.8kg", "price": "$33.60", "price_calculation": "$12.00 per 1kg", "category": "Winter Essentials"},
{"title": "Duracell Lithium Coin Batteries 1632 | 2 pack", "price": "$13.50", "price_calculation": "$6.75 per 1ea", "category": "Household"},
{"title": "Moccona Classic Medium Roast Instant Coffee | 400g", "price": "$18.00", "price_calculation": "$4.50 per 100g", "category": "Winter Essentials"},
{"title": "Pest Oil Insect Control Rtu | 750mL", "price": "$13.50", "price_calculation": "$18.00 per 1L", "category": "Household"},
{"title": "Coles Quick Oats | 900g", "price": "$1.65", "price_calculation": "$0.18 per 100g", "category": "Winter Essentials"},
{"title": "Duracell A23 MN21 12V Batteries | 4 pack", "price": "$13.75", "price_calculation": "$3.44 per 1ea", "category": "Household"},
{"title": "Nestle Milo Chocolate Malt Powder Drink | 460g", "price": "$9.40", "price_calculation": "$2.04 per 100g", "category": "Winter Essentials"},
{"title": "Mirabella Led Gls BC 5W 470Lum 2700K Warm White | 2 pack", "price": "$13.75", "price_calculation": "$6.88 per 1ea", "category": "Household"},
{"title": "-196 Double Lemon & Vodka Can 330ml | 4 Pack", "price": "$24.00", "price_calculation": "$18.18 per 1L", "category": "Winter Essentials"},
{"title": "Mirabella Led Gls ES 5W 470LUM 2700K Warm White | 2 pack", "price": "$13.75", "price_calculation": "$6.88 per 1ea", "category": "Household"},
{"title": "Coles Kitchen Garlic Baguette Twin Pack | 450g", "price": "$2.90", "price_calculation": "$0.64 per 100g", "category": "Winter Essentials"},
{"title": "Mirabella Led Gls ES 9W 806LUM 2700K Warm White | 2 pack", "price": "$13.75", "price_calculation": "$6.88 per 1ea", "category": "Household"},
{"title": "Coles Lamb Leg Roast Half | approx 1.74kg", "price": "$26.10", "price_calculation": "$15.00 per 1kg", "category": "Winter Essentials"},
{"title": "Peppa Pig Bag O Fun | 1 each", "price": "$13.99", "price_calculation": "$13.99 per 1ea", "category": "Household"},
{"title": "Sorbent Facial Tissues Everyday | 150 pack", "price": "$1.90", "price_calculation": "$1.27 per 100ea", "category": "Winter Essentials"},
{"title": "Mortein Crawling Insect Killer Fast Knockdown Spray | 320g", "price": "$14.00", "price_calculation": "$4.38 per 100g", "category": "Household"},
{"title": "Nescafe Blend 43 Instant Coffee | 150g", "price": "$5.75", "price_calculation": "$3.83 per 100g", "category": "Winter Essentials"},
{"title": "Smash Hydro Chugger | 1 each", "price": "$14.00", "price_calculation": "$14.00 per 1ea", "category": "Household"},
{"title": "Continental Cup A Soup Creamy Chicken & Corn With Croutons Serves 2 | 60g", "price": "$2.80", "price_calculation": "$4.67 per 100g", "category": "Winter Essentials"},
{"title": "Air Wick Pure Cherry Blossom Fragrance Infused With Essential Oil 19mL | 2 pack", "price": "$14.00", "price_calculation": "$7.37 per 10mL", "category": "Household"},
{"title": "Kleenex Aloe Vera & Vitamin E 3 Ply Large & Thick Facial Tissues | 70 pack", "price": "$2.60", "price_calculation": "$3.71 per 100ea", "category": "Winter Essentials"},
{"title": "Botanica Caribbean Vetiver & Sandalwood Candle | 1 each", "price": "$14.00", "price_calculation": "$14.00 per 1ea", "category": "Household"},
{"title": "Vegemite Spread | 220g", "price": "$4.70", "price_calculation": "$2.14 per 100g", "category": "Winter Essentials"},
{"title": "Botanica Island Rose & African Geranium Candle | 1 each", "price": "$14.00", "price_calculation": "$14.00 per 1ea", "category": "Household"},
{"title": "Bonne Maman Strawberry Jam | 370g", "price": "$5.35", "price_calculation": "$1.45 per 100g", "category": "Winter Essentials"},
{"title": "Cook & Dine Textured Tumblers | 4 pack", "price": "$14.00", "price_calculation": "$3.50 per 1ea", "category": "Household"},
{"title": "Coles Large Grapefruit Ruby Red | approx 375g", "price": "$1.46", "price_calculation": "$3.90 per 1kg", "category": "Winter Essentials"},
{"title": "Cub Singlet Bodysuit Yellow & Grey | 2 pack", "price": "$14.00", "price_calculation": "$7.00 per 1ea", "category": "Household"},
{"title": "Heinz Big Red Tomato Soup Can | 420g", "price": "$2.00", "price_calculation": "$0.48 per 100g", "category": "Winter Essentials"},
{"title": "CUB Singlet Bodysuit Beige & Green | 1 pack", "price": "$14.00", "price_calculation": "$14.00 per 1ea", "category": "Household"},
{"title": "Jack Daniels Double Jack and Cola Can 375mL | 4 Pack", "price": "$28.00", "price_calculation": "$18.67 per 1L", "category": "Winter Essentials"},
{"title": "Glade Aromatherapy Diffuser Refill Orange & Neroli | 16.8mL", "price": "$14.00", "price_calculation": "$8.33 per 10mL", "category": "Household"},
{"title": "Sorbent 2 Ply Thick & Large White Facial Tissues | 95 pack", "price": "$2.20", "price_calculation": "$2.32 per 100ea", "category": "Winter Essentials"},
{"title": "UW Ladies Hi-Cut Brief Assorted 12/14 | 3 pack", "price": "$14.00", "price_calculation": "$4.67 per 1ea", "category": "Household"},
{"title": "Jim Beam White Label Bourbon 700mL | 1 Each", "price": "$45.00", "price_calculation": "$64.29 per 1L", "category": "Winter Essentials"},
{"title": "Yates Weed N Feed | 2L", "price": "$14.00", "price_calculation": "$7.00 per 1L", "category": "Household"},
{"title": "Campbell's Country Ladle Soup Can Minestrone | 495g", "price": "$2.25", "price_calculation": "$0.45 per 100g", "category": "Winter Essentials"},
{"title": "Clio Active Rib Legging Black M | 1 each", "price": "$14.00", "price_calculation": "$14.00 per 1ea", "category": "Household"},
{"title": "Coles Bagels Plain 4 pack | 360g", "price": "$2.50", "price_calculation": "$0.69 per 100g", "category": "Winter Essentials"},
{"title": "Fila Fxt Glute Band | 1 each", "price": "$14.00", "price_calculation": "$14.00 per 1ea", "category": "Household"},
{"title": "Continental Cup A Soup Creamy Chicken With Lots Of Noodles Serves 2 | 60g", "price": "$2.80", "price_calculation": "$4.67 per 100g", "category": "Winter Essentials"},
{"title": "Air Wick Essential Oil Sea Mist & Blue Minerals Plug-In Twin Refill | 2 pack", "price": "$14.00", "price_calculation": "$7.00 per 1ea", "category": "Household"},
{"title": "Selaks Taste Collection Buttery Chardonnay 750mL | 1 Each", "price": "$13.00", "price_calculation": null, "category": "Winter Essentials"},
{"title": "Surf Capsules Aqua Fresh | 18 pack", "price": "$14.00", "price_calculation": "$0.78 per 1ea", "category": "Household"},
{"title": "Nutella Hazelnut Spread With Cocoa | 1kg", "price": "$11.00", "price_calculation": "$1.10 per 100g", "category": "Winter Essentials"},
{"title": "Surf Capsules Tropical | 18 pack", "price": "$14.00", "price_calculation": "$0.78 per 1ea", "category": "Household"},
{"title": "Campbell's Real Stock Vegetable Stock | 1L", "price": "$2.25", "price_calculation": "$0.23 per 100mL", "category": "Winter Essentials"},
{"title": "Pyrex Simply Store Glass Round Container 950mL | 1 each", "price": "$14.00", "price_calculation": "$14.00 per 1ea", "category": "Household"},
{"title": "Continental Cup A Soup Creamy Chicken with Croutons Serves 2 | 60g", "price": "$2.80", "price_calculation": "$4.67 per 100g", "category": "Winter Essentials"},
{"title": "Explorer Womens Lightweight Cotton Crew L1757W Size 8-11 | 1 pack", "price": "$14.00", "price_calculation": "$14.00 per 1ea", "category": "Household"},
{"title": "Campbell's Country Ladle Soup Can Chicken & Sweet Corn | 505g", "price": "$2.25", "price_calculation": "$0.45 per 100g", "category": "Winter Essentials"},
{"title": "Stabilo Boss Highlighter Assorted | 6 pack", "price": "$14.10", "price_calculation": "$2.35 per 1ea", "category": "Household"},
{"title": "Campbell's Chunky Soup Can Beef & Veg | 505g", "price": "$2.25", "price_calculation": "$0.45 per 100g", "category": "Winter Essentials"},
{"title": "Crest Hippo Mini Night Light | 1 pack", "price": "$14.40", "price_calculation": "$14.40 per 1ea", "category": "Household"},
{"title": "Asahi Super Dry Bottle 330mL | 24 Pack", "price": "$53.00", "price_calculation": "$0.67 per 100mL", "category": "Winter Essentials"},
{"title": "Crest Penguin Mini Night Light | 1 each", "price": "$14.40", "price_calculation": "$14.40 per 1ea", "category": "Household"},
{"title": "Campbell's Country Ladle Soup Can Butternut Pumpkin | 505g", "price": "$2.25", "price_calculation": "$0.45 per 100g", "category": "Winter Essentials"},
{"title": "Kleenex Everyday 2 Ply Kids Facial Tissues | 200 pack", "price": "$3.00", "price_calculation": "$1.50 per 100ea", "category": "Winter Essentials"},
{"title": "Pepperjack Cabernet Sauvignon 750mL | 1 Each", "price": "$25.00", "price_calculation": "$33.33 per 1L", "category": "Winter Essentials"},
{"title": "Sorbent Facial Tissues Thick N Large Hypo Allergenic | 95 pack", "price": "$2.20", "price_calculation": "$2.32 per 100ea", "category": "Winter Essentials"},
{"title": "Johnnie Walker Red Label Scotch Whisky 1L | 1 Each", "price": "$64.00", "price_calculation": "$64.00 per 1L", "category": "Winter Essentials"},
{"title": "Guinness Draught Can 440mL | 6 Pack", "price": "$20.00", "price_calculation": "$7.58 per 1L", "category": "Winter Essentials"},
{"title": "John Samson Scotch Whisky 700mL | 1 Each", "price": "$39.00", "price_calculation": "$55.72 per 1L", "category": "Winter Essentials"},
{"title": "Bega Smooth Peanut Butter | 780g", "price": "$7.50", "price_calculation": "$0.96 per 100g", "category": "Winter Essentials"},
{"title": "Coles Corned Silverside | approx 1.4kg", "price": "$14.00", "price_calculation": "$10.00 per 1kg", "category": "Winter Essentials"},
{"title": "Continental Cup A Soup Asian Laksa Serves 2 | 65g", "price": "$2.80", "price_calculation": "$4.31 per 100g", "category": "Winter Essentials"},
{"title": "Sorbent 4 Ply Pocket Pack White Facial Tissues | 6 pack", "price": "$2.20", "price_calculation": "$3.67 per 100ea", "category": "Winter Essentials"},
{"title": "Sorbent Hypo Allergenic White Facial Tissues | 200 pack", "price": "$2.70", "price_calculation": "$1.35 per 100ea", "category": "Winter Essentials"},
{"title": "Winton Road Barossa Valley Shiraz 750mL | 1 Each", "price": "$20.00", "price_calculation": "$26.67 per 1L", "category": "Winter Essentials"},
{"title": "Jack Daniels & Cola Can 375mL | 6 Pack", "price": "$34.50", "price_calculation": "$1.53 per 100mL", "category": "Winter Essentials"},
{"title": "Continental Cream Of Chicken Soup Serves 4 | 45g", "price": "$1.70", "price_calculation": "$3.78 per 100g", "category": "Bonus Cookware Credits"},
{"title": "Optimum Grain Free Lamb & Green Beans Wet Dog Food Trays | 85g", "price": "$1.80", "price_calculation": "$2.12 per 100g", "category": "Bonus Cookware Credits"},
{"title": "Maggi Air Fryer Herbed Roast Potatoes | 25g", "price": "$1.80", "price_calculation": "$7.20 per 100g", "category": "Bonus Cookware Credits"},
{"title": "Fancy Feast Royale Broths Tuna Surimi Prawn Cat Food | 40g", "price": "$1.90", "price_calculation": "$4.75 per 100g", "category": "Bonus Cookware Credits"},
{"title": "Optimum Urinary Care 1+ Years Chunks In Jelly With Ocean Fish Grainfree Cat Food Pouch | 85g", "price": "$2.10", "price_calculation": "$2.47 per 100g", "category": "Bonus Cookware Credits"},
{"title": "Continental Vegetable Stock Pot | 112g", "price": "$2.25", "price_calculation": "$2.01 per 100g", "category": "Bonus Cookware Credits"},
{"title": "Fancy Feast Royale Tuna Shrimp Cat Food | 85g", "price": "$2.30", "price_calculation": "$2.71 per 100g", "category": "Bonus Cookware Credits"},
{"title": "Continental Sour Cream & Chives Pasta & Sauce Serves 3 | 85g", "price": "$2.80", "price_calculation": "$3.29 per 100g", "category": "Bonus Cookware Credits"},
{"title": "U by Kotex Sport Tampons Regular | 16 pack", "price": "$2.95", "price_calculation": "$0.18 per 1ea", "category": "Bonus Cookware Credits"},
{"title": "Coles Finest Artisan Sesame & Linseed Crispbread | 130g", "price": "$3.20", "price_calculation": "$2.46 per 100g", "category": "Bonus Cookware Credits"},
{"title": "Sunrice Rice & Quinoa | 750g", "price": "$3.50", "price_calculation": "$0.47 per 100g", "category": "Bonus Cookware Credits"},
{"title": "Golden Circle Refreshers Tropical Sunrise Flavoured Water Drink 250mL | 6 pack", "price": "$3.50", "price_calculation": "$2.33 per 1L", "category": "Bonus Cookware Credits"},
{"title": "Colgate Total Mint Stripe Multi Benefit Toothpaste | 115g", "price": "$4.00", "price_calculation": "$3.48 per 100g", "category": "Bonus Cookware Credits"},
{"title": "Somat Rinser & Drying Booster Dishwasher Rinse Aid | 500mL", "price": "$4.75", "price_calculation": "$0.95 per 100mL", "category": "Bonus Cookware Credits"},
{"title": "Glad Rectangular Roasting Tray | 1 pack", "price": "$5.00", "price_calculation": "$5.00 per 1ea", "category": "Bonus Cookware Credits"},
{"title": "U by Kotex Tampons Mini | 16 pack", "price": "$5.00", "price_calculation": "$0.31 per 1ea", "category": "Bonus Cookware Credits"},
{"title": "Sanitarium Up&Go Liquid Breakfast Vanilla Ice Cereal No Added Sugar 3X250mL | 750mL", "price": "$5.20", "price_calculation": "$6.93 per 1L", "category": "Bonus Cookware Credits"},
{"title": "Bulla Creamy Classics Ice Cream Honeycomb Sticks 4 Pack | 360mL", "price": "$5.20", "price_calculation": "$1.44 per 100mL", "category": "Bonus Cookware Credits"},
{"title": "Uncle Toby's Cereal Squarz | 460g", "price": "$5.20", "price_calculation": "$1.13 per 100g", "category": "Bonus Cookware Credits"},
{"title": "Glad To Be Green 50% Ocean Plastic Recycled Kitchen Tidy Bags Small | 32 pack", "price": "$5.50", "price_calculation": "$0.17 per 1ea", "category": "Bonus Cookware Credits"},
{"title": "Glad To Be Green 50% Ocean Recycled Garbage Bags 56l | 15 pack", "price": "$6.00", "price_calculation": "$0.40 per 1ea", "category": "Bonus Cookware Credits"},
{"title": "Rexona Men's Antiperspirant Aerosol Deodorant Adventure | 250mL", "price": "$6.00", "price_calculation": "$2.40 per 100mL", "category": "Bonus Cookware Credits"},
{"title": "Uncle Tobys Oats Quick Sachets Fruit Variety | 350g", "price": "$6.30", "price_calculation": "$1.80 per 100g", "category": "Bonus Cookware Credits"},
{"title": "Uncle Tobys Oats Quick Sachets Breakfast Cereal Hi Fibre | 320g", "price": "$6.30", "price_calculation": "$1.97 per 100g", "category": "Bonus Cookware Credits"},
{"title": "I&J Lemon Crumbed Fish Fillets | 425g", "price": "$6.50", "price_calculation": "$15.29 per 1kg", "category": "Bonus Cookware Credits"},
{"title": "Air Wick Vanilla & Orchid Decosphere Air Freshener | 75mL", "price": "$6.50", "price_calculation": "$0.87 per 10mL", "category": "Bonus Cookware Credits"},
{"title": "Dove Body Wash Restoring | 500mL", "price": "$7.00", "price_calculation": "$1.40 per 100mL", "category": "Bonus Cookware Credits"},
{"title": "Nescafe Milkybar White Chocolate Mocha Coffee Sachets | 8 pack", "price": "$7.60", "price_calculation": "$0.95 per 1ea", "category": "Bonus Cookware Credits"},
{"title": "Dove Nutritive Solutions Conditioner Intensive Repair | 320mL", "price": "$7.70", "price_calculation": "$2.41 per 100mL", "category": "Bonus Cookware Credits"},
{"title": "Dove Nutritive Solutions Daily Moisture Conditioner | 320mL", "price": "$7.70", "price_calculation": "$2.41 per 100mL", "category": "Bonus Cookware Credits"},
{"title": "Dove Hair Therapy Intensive Repair Shampoo | 320mL", "price": "$7.70", "price_calculation": "$2.41 per 100mL", "category": "Bonus Cookware Credits"},
{"title": "Dove Nutritive Solutions Daily Moisture Shampoo | 320mL", "price": "$7.70", "price_calculation": "$2.41 per 100mL", "category": "Bonus Cookware Credits"},
{"title": "Dove Daily Care Conditioner | 320mL", "price": "$7.70", "price_calculation": "$2.41 per 100mL", "category": "Bonus Cookware Credits"},
{"title": "Rexona Men Advanced Protection Sport Deodorant | 220mL", "price": "$8.50", "price_calculation": "$3.86 per 100mL", "category": "Bonus Cookware Credits"},
{"title": "Rexona Men Aerosol Advanced Workout Antiperspirant Deodorant | 220mL", "price": "$8.50", "price_calculation": "$3.86 per 100mL", "category": "Bonus Cookware Credits"},
{"title": "Dove Men Antiperspirant Aerosol Clean Comfort Zero Aluminium | 200mL", "price": "$8.50", "price_calculation": "$4.25 per 100mL", "category": "Bonus Cookware Credits"},
{"title": "Sanitarium Up&Go Liquid Breakfast Vanilla Ice Cereal No Added Sugar 6X250mL | 1.5L", "price": "$9.85", "price_calculation": "$6.57 per 1L", "category": "Bonus Cookware Credits"},
{"title": "Bulla Murray St Caramel Maple Macadamia Ice Cream Sticks 4 pack | 400mL", "price": "$10.00", "price_calculation": "$2.50 per 100mL", "category": "Bonus Cookware Credits"},
{"title": "Bulla Murray St Vanilla Bean & Chocolate Almonds Ice cream Sticks 4 Pack | 400mL", "price": "$10.00", "price_calculation": "$2.50 per 100mL", "category": "Bonus Cookware Credits"},
{"title": "Colgate Zig Zag Medium Toothbrush Value Pack | 6 pack", "price": "$10.00", "price_calculation": "$1.67 per 1ea", "category": "Bonus Cookware Credits"},
{"title": "Nescafe 98% Sugar Free Caramel Latte Coffee Sachets 13.5g | 26 pack", "price": "$11.00", "price_calculation": "$0.42 per 1ea", "category": "Bonus Cookware Credits"},
{"title": "I&J Lemon Crumb Fish Fillets | 1kg", "price": "$13.00", "price_calculation": "$13.00 per 1kg", "category": "Bonus Cookware Credits"},
{"title": "Coles Happy Birthday Acrylic Plaque Gold & Silver Small | 1 each", "price": "$2.70", "price_calculation": "$2.70 per 1ea", "category": "Dropped & Locked"},
{"title": "Straten Paper Cups | 15 pack", "price": "$3.60", "price_calculation": "$0.24 per 1ea", "category": "Dropped & Locked"},
{"title": "Nivea Men Deep Roll On Antiperspirant Deodorant | 50mL", "price": "$3.69", "price_calculation": "$7.38 per 100mL", "category": "Dropped & Locked"},
{"title": "Nivea Pure Invisible Roll On Antiperspirant Deodorant | 50mL", "price": "$3.69", "price_calculation": "$7.38 per 100mL", "category": "Dropped & Locked"},
{"title": "Nivea Men Silver Protect Antiperspirant Roll On Deodorant | 50mL", "price": "$3.69", "price_calculation": "$7.38 per 100mL", "category": "Dropped & Locked"},
{"title": "Old El Paso Tortilla Wholegrain Fajita | 240g", "price": "$4.00", "price_calculation": "$1.67 per 100g", "category": "Dropped & Locked"},
{"title": "Bundaberg Brewed Lemon Lime Bitters 6x200mL | 6 pack", "price": "$5.15", "price_calculation": "$4.29 per 1L", "category": "Dropped & Locked"},
{"title": "Ziploc Resealable Food Storage Sandwich Bags | 100 pack", "price": "$5.30", "price_calculation": "$5.30 per 100ea", "category": "Dropped & Locked"},
{"title": "Daley Street Dark Coffee Ground | 200g", "price": "$5.50", "price_calculation": "$2.75 per 100g", "category": "Dropped & Locked"},
{"title": "Kellogg's Sultana Bran With Oat Clusters Breakfast Cereal | 480g", "price": "$6.30", "price_calculation": "$1.31 per 100g", "category": "Dropped & Locked"},
{"title": "Red Tractor Protein Low Sugar Granola Choc Almond | 450g", "price": "$6.70", "price_calculation": "$1.49 per 100g", "category": "Dropped & Locked"},
{"title": "Remedy Kombucha Raspberry | 1.25L", "price": "$6.95", "price_calculation": "$5.56 per 1L", "category": "Dropped & Locked"},
{"title": "Latina Agnolotti Sweet Potato & Parmesan Filled Pasta | 625g", "price": "$8.50", "price_calculation": "$1.36 per 100g", "category": "Dropped & Locked"},
{"title": "Quest Protein Bars Cookes & Cream 4X60G | 240g", "price": "$14.50", "price_calculation": "$6.04 per 100g", "category": "Dropped & Locked"},
{"title": "Somat Gold Dishwashing Tablets | 51 pack", "price": "$21.00", "price_calculation": "$41.18 per 100ea", "category": "Dropped & Locked"},
{"title": "Coles Glitter Number Candle No 7 | 1 each", "price": "$1.40", "price_calculation": "$1.40 per 1ea", "category": "Dropped & Locked"},
{"title": "Coles Glitter Number Candle No 8 | 1 each", "price": "$1.40", "price_calculation": "$1.40 per 1ea", "category": "Dropped & Locked"},
{"title": "Cadbury Twirl Mint Chocolate Bar | 58g", "price": "$1.80", "price_calculation": "$3.10 per 100g", "category": "Dropped & Locked"},
{"title": "Sakata Rice Crackers Caramelised Onion | 90g", "price": "$2.30", "price_calculation": "$2.30 per 100g", "category": "Dropped & Locked"},
{"title": "McKenzie's Ancient Grain Mix | 375g", "price": "$2.30", "price_calculation": "$0.61 per 100g", "category": "Dropped & Locked"},
{"title": "Straten Coloured Lunch Serviettes | 50 pack", "price": "$2.70", "price_calculation": "$5.40 per 100ea", "category": "Dropped & Locked"},
{"title": "Coles Heavy Duty Fabric Strips | 40 pack", "price": "$3.20", "price_calculation": "$0.08 per 1ea", "category": "Dropped & Locked"},
{"title": "Straten Patterned Timber Cutlery | 24 pack", "price": "$3.60", "price_calculation": "$0.15 per 1ea", "category": "Dropped & Locked"},
{"title": "Nivea Sensitive Protect Roll On Antiperspirant Deodorant | 50mL", "price": "$3.69", "price_calculation": "$7.38 per 100mL", "category": "Dropped & Locked"},
{"title": "Nivea Men Sensitive Protect Antiperspirant Roll On Deodorant | 50mL", "price": "$3.69", "price_calculation": "$7.38 per 100mL", "category": "Dropped & Locked"},
{"title": "Hart & Soul Laksa Soup Pouch | 400g", "price": "$3.80", "price_calculation": "$0.95 per 100g", "category": "Dropped & Locked"},
{"title": "Hart & Soul Coconut Pumpkin Soup Pouch | 400g", "price": "$3.80", "price_calculation": "$0.95 per 100g", "category": "Dropped & Locked"},
{"title": "Friskies Dry Adult Seven Cat Food | 2.5kg", "price": "$16.50", "price_calculation": "$0.66 per 100g", "category": "Pet"},
{"title": "Hart & Soul All Natural Pho Soup With Konjac Pouch | 400g", "price": "$3.80", "price_calculation": "$0.95 per 100g", "category": "Dropped & Locked"},
{"title": "V.I.P Paws Fresh Adult Chilled Fresh Dog and Cat Food Lean Mince | 3kg", "price": "$17.00", "price_calculation": "$0.57 per 100g", "category": "Pet"},
{"title": "Hart & Soul Pouch Soup Chunky Chickpea & Vegetable | 400g", "price": "$3.80", "price_calculation": "$0.95 per 100g", "category": "Dropped & Locked"},
{"title": "Supercoat Adult With Chicken Dry Dog Food | 2.8kg", "price": "$18.00", "price_calculation": "$0.64 per 100g", "category": "Pet"},
{"title": "Coles Heavy Duty Large Gloves | 1 Pack", "price": "$3.85", "price_calculation": "$3.85 per 1ea", "category": "Dropped & Locked"},
{"title": "Supercoat Adult Healthy Weight With Chicken Dry Dog Food | 2.6kg", "price": "$18.00", "price_calculation": "$0.69 per 100g", "category": "Pet"},
{"title": "Golden Circle Cordial Raspberry Cordial | 2L", "price": "$3.90", "price_calculation": "$1.95 per 1L", "category": "Dropped & Locked"},
{"title": "Optimum Grainfree Dry Cat Food Adult Chicken | 1.8kg", "price": "$19.00", "price_calculation": "$1.06 per 100g", "category": "Pet"},
{"title": "Golden Circle Cordial Golden Pash Cordial | 2L", "price": "$3.90", "price_calculation": "$1.95 per 1L", "category": "Dropped & Locked"},
{"title": "Vitapet Jerhigh Chicken With Bacon Dog Treats | 400g", "price": "$20.00", "price_calculation": "$5.00 per 100g", "category": "Pet"},
{"title": "Mingle Seasoning Everything Bagel | 50g", "price": "$4.00", "price_calculation": "$0.80 per 10g", "category": "Dropped & Locked"},
{"title": "Farmers Market Adult Dry Dog Food With Chicken Kibble + Aid Dried Inclusions | 2.2kg", "price": "$21.00", "price_calculation": "$0.95 per 100g", "category": "Pet"},
{"title": "Coles Joyful Protein Bars Cookies And Cream 190g | 1 each", "price": "$4.00", "price_calculation": "$2.11 per 100g", "category": "Dropped & Locked"},
{"title": "Whiskas Adult Dry Cat Food With Chicken And Rabbit | 3kg", "price": "$21.50", "price_calculation": "$0.72 per 100g", "category": "Pet"},
{"title": "Coles Tall Glitter Candles White Or Pastel | 16 pack", "price": "$4.70", "price_calculation": "$0.29 per 1ea", "category": "Dropped & Locked"},
{"title": "My Dog Adult Wet Dog Food Lamb Classic 100g Trays | 24 pack", "price": "$27.00", "price_calculation": "$1.13 per 100g", "category": "Pet"},
{"title": "Carman's Natural 5 Grain & Super Seed Gourmet Porridge Sachets | 320g", "price": "$5.00", "price_calculation": "$1.56 per 100g", "category": "Dropped & Locked"},
{"title": "Farmers Market Adult Dry Dog Food Chicken With Farm Vegetables | 6.8kg", "price": "$38.00", "price_calculation": "$0.56 per 100g", "category": "Pet"},
{"title": "Maldon Smoked Sea Salt | 125g", "price": "$5.00", "price_calculation": "$0.40 per 10g", "category": "Dropped & Locked"},
{"title": "Pet Treat Bar Fresh Breath Biscuits | approx 100g", "price": "$6.00", "price_calculation": "$60.00 per 1kg", "category": "Pet"},
{"title": "Capilano Light & Smooth Honey Upside Down | 340g", "price": "$6.20", "price_calculation": "$1.82 per 100g", "category": "Dropped & Locked"},
{"title": "Dine Fine Flakes Tuna & Whitebait Wet Cat Food Pouch | 35g", "price": "$1.60", "price_calculation": "$4.57 per 100g", "category": "Pet"},
{"title": "Charlotte's Bakery Chunky Chicken & Leek Pie 2 Pack | 400g", "price": "$8.20", "price_calculation": "$2.05 per 100g", "category": "Dropped & Locked"},
{"title": "My Dog Classic Loaf With Succulent Kangaroo Adult Wet Dog Food | 100g", "price": "$1.70", "price_calculation": "$1.70 per 100g", "category": "Pet"},
{"title": "Heinz One Pan Spanish Style Veg Paella Rice Meal | 600g", "price": "$9.00", "price_calculation": "$1.50 per 100g", "category": "Dropped & Locked"},
{"title": "Purina One Adult 1+Years Kitten Chicken Cat Food Pouch | 70g", "price": "$2.00", "price_calculation": "$2.86 per 100g", "category": "Pet"},
{"title": "Otrivin Breathe Clean Nasal Spray | 50mL", "price": "$10.20", "price_calculation": "$20.40 per 100mL", "category": "Dropped & Locked"},
{"title": "Woofin Good Chunks In Gravy Chicken Pasta & Veg Dog Food | 400g", "price": "$2.00", "price_calculation": "$0.50 per 100g", "category": "Pet"},
{"title": "Coles One Pot Beef Madras | 500g", "price": "$11.00", "price_calculation": "$22.00 per 1kg", "category": "Dropped & Locked"},
{"title": "Applaws Cat Food Pouch Tuna & Salmon In Jelly | 70g", "price": "$2.20", "price_calculation": "$3.14 per 100g", "category": "Pet"},
{"title": "Panadol Paracetamol Cold + Flu Plus Decongestant Caplets | 20 pack", "price": "$11.70", "price_calculation": "$0.59 per 1ea", "category": "Dropped & Locked"},
{"title": "Applaws Taste Toppers Dog Tin Chicken Breast With Salmon & Vegetables In Broth Dog Food | 156g", "price": "$3.00", "price_calculation": "$1.92 per 100g", "category": "Pet"},
{"title": "Somat Excellence Dishwashing Tablets | 45 pack", "price": "$21.00", "price_calculation": "$46.67 per 100ea", "category": "Dropped & Locked"},
{"title": "Applaws Taste Toppers Dog Tin Chicken Breast In Broth Dog Food | 156g", "price": "$3.00", "price_calculation": "$1.92 per 100g", "category": "Pet"},
{"title": "Moro Delicado Light Taste Olive Oil | 4L", "price": "$43.00", "price_calculation": "$1.08 per 100mL", "category": "Dropped & Locked"},
{"title": "Coles Dog Food Casserole Lamb Pasta & Vegetable | 1.2kg", "price": "$3.45", "price_calculation": "$0.29 per 100g", "category": "Pet"},
{"title": "Pedigree Mince With Chicken & Rice Puppy Wet Dog Food Can | 700g", "price": "$3.50", "price_calculation": "$0.50 per 100g", "category": "Pet"},
{"title": "Coles Tender Chicken Straps Dog Treat | 200g", "price": "$3.50", "price_calculation": "$1.75 per 100g", "category": "Pet"},
{"title": "Cat & Pals Balls With Bells Cat Toy | 1 pack", "price": "$3.60", "price_calculation": "$3.60 per 1ea", "category": "Pet"},
{"title": "Coles Gold Fish Food Flakes | 36g", "price": "$3.80", "price_calculation": "$10.56 per 100g", "category": "Pet"},
{"title": "Nature's Gift Dog Treats Chicken Straps | 150g", "price": "$4.00", "price_calculation": "$2.67 per 100g", "category": "Pet"},
{"title": "Prime Pantry Nibbles Cat Treat Salmon | 40g", "price": "$4.30", "price_calculation": "$10.75 per 100g", "category": "Pet"},
{"title": "Coles Tropical Fish Food Flakes | 36g", "price": "$4.40", "price_calculation": "$12.22 per 100g", "category": "Pet"},
{"title": "Bow Wow Waste Bags Bone Shaped Dispenser & Refill | 1 pack", "price": "$4.50", "price_calculation": "$4.50 per 1ea", "category": "Pet"},
{"title": "Farmers Market Dog Treats Australian Beef Jerky Strips | 165g", "price": "$5.60", "price_calculation": "$3.39 per 100g", "category": "Pet"},
{"title": "Nature's Gift Adult Wet Dog Food Strips Chicken Carrots & Peas 6x100g | 6 pack", "price": "$5.95", "price_calculation": "$0.99 per 100g", "category": "Pet"},
{"title": "The Natural One Premium Bone Broth For Pets Grass Fed Beef | 500mL", "price": "$6.00", "price_calculation": "$1.20 per 100mL", "category": "Pet"},
{"title": "Woofin Good Chicken Meatballs Dog Food | 750g", "price": "$6.60", "price_calculation": "$0.88 per 100g", "category": "Pet"},
{"title": "Vitapet Cat Litter Tray | 1 each", "price": "$7.50", "price_calculation": "$7.50 per 1ea", "category": "Pet"},
{"title": "Zamipet Happitreats Relax & Calm Dog Treat | 130g", "price": "$7.95", "price_calculation": "$6.12 per 100g", "category": "Pet"},
{"title": "Coles Dog Lead | 1 pack", "price": "$8.00", "price_calculation": "$8.00 per 1ea", "category": "Pet"},
{"title": "My Dog Shredded Meals Kangaroo Dog Food 6x100g | 6 pack", "price": "$8.00", "price_calculation": "$1.33 per 100g", "category": "Pet"},
{"title": "Woofin Good Chicken Mince Dog Food 4XPortions | 740g", "price": "$8.10", "price_calculation": "$1.09 per 100g", "category": "Pet"},
{"title": "3M Lint Pet Roller | 1 each", "price": "$8.50", "price_calculation": "$8.50 per 1ea", "category": "Pet"},
{"title": "Fussy Cat Grain Free Twice as Tasty Adult Wet Cat Food Slices & Fish Jelly  | 12 pack", "price": "$9.45", "price_calculation": "$0.98 per 100g", "category": "Pet"},
{"title": "Whiskas Favourites 7+ Years Mixed In Jelly Cat Food 12x85g | 12 pack", "price": "$12.00", "price_calculation": "$1.18 per 100g", "category": "Pet"},
{"title": "Dine Classic Collection Pouch Cat Food Mixed Selection In Jelly/Gravy 12x85g | 12 pack", "price": "$12.00", "price_calculation": "$1.18 per 100g", "category": "Pet"},
{"title": "Optimum Kitten Healthy Development Chunks In Jelly Salmon Cat Food 12x85g | 12 pack", "price": "$13.00", "price_calculation": "$1.27 per 100g", "category": "Pet"},
{"title": "Purina Total Care Stretchy Grunter Dog Toy | 1 pack", "price": "$14.00", "price_calculation": "$14.00 per 1ea", "category": "Pet"},
{"title": "Bx Earth Dog Deodorising Cologne Spray Cherry Blossom | 250mL", "price": "$14.00", "price_calculation": "$56.00 per 1L", "category": "Pet"},
{"title": "Temptations Cat Treat Hearty Beef | 350g", "price": "$14.00", "price_calculation": "$4.00 per 100g", "category": "Pet"},
{"title": "Applaws Cat Food Multipack Tuna Fillets 70g | 8 pack", "price": "$15.00", "price_calculation": "$2.68 per 100g", "category": "Pet"},
{"title": "Queen Victoria English Breakfast Extra Strong Tea Bags | 10 pack", "price": "$1.30", "price_calculation": "$0.13 per 1ea", "category": "Dropped & Locked"},
{"title": "Queen Victoria Honey & Vanilla Camomile Tea Bags | 10 pack", "price": "$1.30", "price_calculation": "$0.13 per 1ea", "category": "Dropped & Locked"},
{"title": "McKenzie's Dried Black Beans | 375g", "price": "$2.30", "price_calculation": "$0.61 per 100g", "category": "Dropped & Locked"},
{"title": "Coles Indian Spiced Basmati Rice | 250g", "price": "$2.50", "price_calculation": "$1.00 per 100g", "category": "Dropped & Locked"},
{"title": "Coles Nature'S Kitchen Minestrone Soup | 300g", "price": "$3.00", "price_calculation": "$1.00 per 100g", "category": "Dropped & Locked"},
{"title": "Straten Large Cups | 20 pack", "price": "$3.15", "price_calculation": "$0.16 per 1ea", "category": "Dropped & Locked"},
{"title": "Cadbury Baking Dark Chocolate Melts | 225g", "price": "$3.50", "price_calculation": "$1.56 per 100g", "category": "Dropped & Locked"},
{"title": "Cadbury Baking White Chocolate Block | 180g", "price": "$3.50", "price_calculation": "$1.94 per 100g", "category": "Dropped & Locked"},
{"title": "Cadbury Baking Dark Chocolate Block | 180g", "price": "$3.50", "price_calculation": "$1.94 per 100g", "category": "Dropped & Locked"},
{"title": "Australias Own Barista Macadamia Milk | 1L", "price": "$4.00", "price_calculation": "$4.00 per 1L", "category": "Dropped & Locked"},
{"title": "Provedore Chorizo Crumb | 100g", "price": "$4.00", "price_calculation": "$40.00 per 1kg", "category": "Dropped & Locked"},
{"title": "Chickadees Chicken | 190g", "price": "$4.00", "price_calculation": "$4.00 per 100g", "category": "Dropped & Locked"},
{"title": "Uncle Tobys Oats Quick Sachets Breakfast Cereal Banana Honey Big Bowl | 368g", "price": "$5.80", "price_calculation": "$1.58 per 100g", "category": "Dropped & Locked"},
{"title": "Darrell Lea Allsorts Liquorice Value Pack | 470g", "price": "$6.00", "price_calculation": "$1.28 per 100g", "category": "Dropped & Locked"},
{"title": "Darrell Lea Raspberry Twists Value Pack | 470g", "price": "$6.00", "price_calculation": "$1.28 per 100g", "category": "Dropped & Locked"},
{"title": "Coles Gold Fish Food Flakes | 100g", "price": "$6.20", "price_calculation": "$6.20 per 100g", "category": "Dropped & Locked"},
{"title": "Red Tractor Protein Low Sugar Granola Apple Caramel | 450g", "price": "$6.70", "price_calculation": "$1.49 per 100g", "category": "Dropped & Locked"},
{"title": "Charlotte'S Bakery Slow Cooked Steak & Mushroom Pies 2 Pack | 400g", "price": "$8.20", "price_calculation": "$2.05 per 100g", "category": "Dropped & Locked"},
{"title": "Betadine Sore Throat Lozenges Anaesthetic Honey & Lemon | 36 pack", "price": "$10.00", "price_calculation": "$0.28 per 1ea", "category": "Dropped & Locked"},
{"title": "Robitussin Cold & Chesty Cough Syrup | 200mL", "price": "$10.80", "price_calculation": "$5.40 per 100mL", "category": "Dropped & Locked"},
{"title": "Nurofen Cold & Flu Ibuprofen 200mg Tablets | 24 pack", "price": "$13.75", "price_calculation": "$0.57 per 1ea", "category": "Dropped & Locked"},
{"title": "Queen Victoria English Breakfast Tea Bags | 10 pack", "price": "$1.30", "price_calculation": "$0.13 per 1ea", "category": "Dropped & Locked"},
{"title": "Coles Glitter Number Candle No 5 | 1 each", "price": "$1.40", "price_calculation": "$1.40 per 1ea", "category": "Dropped & Locked"},
{"title": "Cadbury Picnic Chocolate Bars Twin Pack | 67g", "price": "$1.80", "price_calculation": "$2.69 per 100g", "category": "Dropped & Locked"},
{"title": "McKenzie's Yellow Lentils | 375g", "price": "$2.30", "price_calculation": "$0.61 per 100g", "category": "Dropped & Locked"},
{"title": "McKenzie's Lentil Soup Mix | 375g", "price": "$2.30", "price_calculation": "$0.61 per 100g", "category": "Dropped & Locked"},
{"title": "McKenzie's French Style Black Lentils | 375g", "price": "$2.30", "price_calculation": "$0.61 per 100g", "category": "Dropped & Locked"},
{"title": "Daley Street Dark Aluminium Nespresso Compatible Coffee Capsules | 10 pack", "price": "$3.25", "price_calculation": "$0.33 per 1ea", "category": "Dropped & Locked"},
{"title": "Nivea Men Invisible Black & White Fresh Roll On Antiperspirant Deodorant | 50mL", "price": "$3.69", "price_calculation": "$7.38 per 100mL", "category": "Dropped & Locked"},
{"title": "Artwrap Colour Flame Candles | 10 pack", "price": "$3.75", "price_calculation": "$0.38 per 1ea", "category": "Dropped & Locked"},
{"title": "Vegemite Squeeze | 200g", "price": "$4.00", "price_calculation": "$2.00 per 100g", "category": "Dropped & Locked"},
{"title": "Coles Joyful Nut & Seed Bar Apple & Cinnamon 160g | 1 each", "price": "$4.00", "price_calculation": "$2.50 per 100g", "category": "Dropped & Locked"},
{"title": "Remedy Kombucha Ginger | 1.25L", "price": "$6.95", "price_calculation": "$5.56 per 1L", "category": "Dropped & Locked"},
{"title": "Charlotte's Bakery Slow Cooked Beef Pies 2 Pack | 400g", "price": "$8.20", "price_calculation": "$2.05 per 100g", "category": "Dropped & Locked"},
{"title": "Quest Protein Bar Choc Chip Cookie Dough 4X60G | 240g", "price": "$14.50", "price_calculation": "$6.04 per 100g", "category": "Dropped & Locked"},
{"title": "McKenzie's Chickpeas | 375g", "price": "$1.60", "price_calculation": "$0.43 per 100g", "category": "Dropped & Locked"},
{"title": "Coles Heavy Duty Fabric Strips Xl | 20 pack", "price": "$3.70", "price_calculation": "$0.19 per 1ea", "category": "Dropped & Locked"},
{"title": "Purr Seafood Selection Cat Food 12x85g | 12 pack", "price": "$8.80", "price_calculation": "$0.86 per 100g", "category": "Pet"},
{"title": "Queen Victoria Tea Sleepy Blend Tea Bags | 18 pack", "price": "$4.50", "price_calculation": "$0.25 per 1ea", "category": "Dropped & Locked"},
{"title": "Dine Salmon In Seafood Sauce Cat Food Tray 85g | 7 pack", "price": "$9.00", "price_calculation": "$1.51 per 100g", "category": "Pet"},
{"title": "Daley Street Medium Coffee Ground | 200g", "price": "$5.50", "price_calculation": "$2.75 per 100g", "category": "Dropped & Locked"},
{"title": "Whiskas Favourites Favourites Kitten Mixed In Jelly Cat Food 12x85g | 12 pack", "price": "$12.00", "price_calculation": "$1.18 per 100g", "category": "Pet"},
{"title": "Daley Street Dark Roast Coffee Beans | 200g", "price": "$5.50", "price_calculation": "$2.75 per 100g", "category": "Dropped & Locked"},
{"title": "Coles Silica Gel Cat Litter Crystals | 3.6kg", "price": "$21.60", "price_calculation": "$6.00 per 1kg", "category": "Pet"},
{"title": "Birds Eye Frozen Steam Fresh Fish Fillets With Parsley & Citrus Sauce 2 Pack | 380g", "price": "$9.00", "price_calculation": "$23.68 per 1kg", "category": "Dropped & Locked"},
{"title": "Pet Treat Bar Venison Soft Jerky | approx 100g", "price": "$6.00", "price_calculation": "$60.00 per 1kg", "category": "Pet"},
{"title": "Devour Naked Smoky Beef Burrito Frozen Meal | 400g", "price": "$8.00", "price_calculation": "$2.00 per 100g", "category": "Frozen"},
{"title": "Coles Glitter Candle Gold Or Silver No 3 | 1 each", "price": "$1.40", "price_calculation": "$1.40 per 1ea", "category": "Dropped & Locked"},
{"title": "Dine Pulled Menu Salmon Cat Food | 85g", "price": "$1.60", "price_calculation": "$1.88 per 100g", "category": "Pet"},
{"title": "Charlotte's Bakery Slow Cooked Steak & Pepper Pies 2 pack | 400g", "price": "$8.20", "price_calculation": "$2.05 per 100g", "category": "Frozen"},
{"title": "Coles Glitter Number Candle No 0 | 1 each", "price": "$1.40", "price_calculation": "$1.40 per 1ea", "category": "Dropped & Locked"},
{"title": "Nature's Gift Kangaroo Rice And Vegetable Dog Food | 700g", "price": "$3.50", "price_calculation": "$0.50 per 100g", "category": "Pet"},
{"title": "Charlotte'S Bakery Slow Cooked Beef Shiraz & Onion Pies 2 Pack | 400g", "price": "$8.20", "price_calculation": "$2.05 per 100g", "category": "Frozen"},
{"title": "McKenzie's Italian Style Soup Mix | 375g", "price": "$2.30", "price_calculation": "$0.61 per 100g", "category": "Dropped & Locked"},
{"title": "Temptations Tantalising Turkey Flavour Cat Treats | 85g", "price": "$5.00", "price_calculation": "$5.88 per 100g", "category": "Pet"},
{"title": "Denada Double Choc Ice Cream Tub | 475mL", "price": "$8.50", "price_calculation": "$1.79 per 100mL", "category": "Frozen"},
{"title": "Notco Notmilk Original Plant Based Milk | 1L", "price": "$2.40", "price_calculation": "$2.40 per 1L", "category": "Dropped & Locked"},
{"title": "Harmony Sunflower Seed | 1.5kg", "price": "$7.00", "price_calculation": "$0.47 per 100g", "category": "Pet"},
{"title": "Starpak Fish Finger Alaskan Pollock | 1kg", "price": "$8.50", "price_calculation": "$8.50 per 1kg", "category": "Frozen"},
{"title": "Dine Classic Terrine With Chicken Cat Food Multipack 7x85g | 7 pack", "price": "$9.00", "price_calculation": "$1.51 per 100g", "category": "Pet"},
{"title": "KB's Yum Cha Shu Mai | 240g", "price": "$8.50", "price_calculation": "$3.54 per 100g", "category": "Frozen"},
{"title": "Felix Agail Cat Food Meat Menu 85g | 24 pack", "price": "$22.00", "price_calculation": "$1.08 per 100g", "category": "Pet"},
{"title": "Mccain Cheesy Vegemite Pizza Pocket 4 pack | 400g", "price": "$8.50", "price_calculation": "$2.13 per 100g", "category": "Frozen"},
{"title": "My Dog Shredded Meals Beef Dog Food | 100g", "price": "$1.80", "price_calculation": "$1.80 per 100g", "category": "Pet"},
{"title": "Herbert Adams Frozen Gourmet Chunky Sous Vide Beef In Rich Gravy Pies 2 pack | 400g", "price": "$9.00", "price_calculation": "$2.25 per 100g", "category": "Frozen"},
{"title": "Purina One Adult Indoor Chicken Pouch Cat Food | 70g", "price": "$2.00", "price_calculation": "$2.86 per 100g", "category": "Pet"},
{"title": "Birds Eye Frozen Steam Fresh Fish Fillets With Thai Red Curry Sauce 2 Pack | 380g", "price": "$9.00", "price_calculation": "$23.68 per 1kg", "category": "Frozen"},
{"title": "Fussy Cat Grain Free Crunchers Adult Cat Treats With Kangaroo | 100g", "price": "$2.80", "price_calculation": "$2.80 per 100g", "category": "Pet"},
{"title": "Sealord Lime & Coconut Hoki Fillet | 300g", "price": "$9.00", "price_calculation": "$30.00 per 1kg", "category": "Frozen"},
{"title": "Nature's Gift \"Adult All Breeds Wet Dog Food Casserole Gravy Lamb | 700g", "price": "$3.50", "price_calculation": "$0.50 per 100g", "category": "Pet"},
{"title": "Sailing Seas Sweet Tamarind | 454g", "price": "$9.00", "price_calculation": "$1.98 per 100g", "category": "Frozen"},
{"title": "My Dog Classic Loaf With Wholesome Chicken & Turkey Can Wet Dog Food | 680g", "price": "$4.50", "price_calculation": "$0.66 per 100g", "category": "Pet"},
{"title": "McCain Pub Size Curried Sausages | 480g", "price": "$9.50", "price_calculation": "$1.98 per 100g", "category": "Frozen"},
{"title": "Fussy Cat Grain Free Salmon & Oceanfish With Olive Oil Dry Cat food | 500g", "price": "$4.80", "price_calculation": "$0.96 per 100g", "category": "Pet"},
{"title": "Cadbury Caramilk Ice Cream 4 Pack | 360mL", "price": "$9.50", "price_calculation": "$2.64 per 100mL", "category": "Frozen"},
{"title": "Farmers Market Adult Chilled Fresh Dog Food Homestyle Shreds With Beef Red Lentils Peas & Carrot | 250g", "price": "$5.00", "price_calculation": "$2.00 per 100g", "category": "Pet"},
{"title": "Peters Maxibon Ice Cream Thats Mint 4 Pack | 560mL", "price": "$9.50", "price_calculation": "$1.70 per 100mL", "category": "Frozen"},
{"title": "Vitapet Jerhigh Milky Sticks Puppy Dog Treats | 100g", "price": "$5.30", "price_calculation": "$5.30 per 100g", "category": "Pet"},
{"title": "Connoisseur Ice Cream Vanilla 4 Pack | 400mL", "price": "$9.50", "price_calculation": "$2.38 per 100mL", "category": "Frozen"},
{"title": "Lux And Bones Kitty Kievs Cat Food Chicken & Salmon | 40g", "price": "$5.50", "price_calculation": "$13.75 per 100g", "category": "Pet"},
{"title": "Pacific West Japanese Gyoza | 700g", "price": "$10.00", "price_calculation": "$1.43 per 100g", "category": "Frozen"},
{"title": "Coles Meat Variety Cat Food Pouch 12x85g | 12 pack", "price": "$6.00", "price_calculation": "$0.59 per 100g", "category": "Pet"},
{"title": "Hanabi Frozen Mushroom & Pork Dumplings | 500g", "price": "$10.00", "price_calculation": "$2.00 per 100g", "category": "Frozen"},
{"title": "No Vac Pet Foam Carpet Sanitiser & Deodoriser | 290g", "price": "$6.00", "price_calculation": "$2.07 per 100g", "category": "Pet"},
{"title": "Hanabi Frozen Shanghai Pork Dumplings | 400g", "price": "$10.00", "price_calculation": "$2.50 per 100g", "category": "Frozen"},
{"title": "4 Legs Natural Wellness Boost Dog Food With Beef Vegies & Fruit Meatballs | 870g", "price": "$7.80", "price_calculation": "$0.90 per 100g", "category": "Pet"},
{"title": "Birds Eye Frozen Deli New Zealand Whiting Cracked Pepper Blend & Sea Salt Fillets 5 Pack | 250g", "price": "$10.00", "price_calculation": "$40.00 per 1kg", "category": "Frozen"},
{"title": "Felix Agail Cat Food Ocean Menu 85g | 24 pack", "price": "$22.00", "price_calculation": "$1.08 per 100g", "category": "Pet"},
{"title": "Coyo Organic Coconut Ice Cream Vanilla Bean | 500mL", "price": "$10.00", "price_calculation": "$2.00 per 100mL", "category": "Frozen"},
{"title": "Dine Pulled Menu Gravy Indulgence Tuna Cat Food | 85g", "price": "$1.60", "price_calculation": "$1.88 per 100g", "category": "Pet"},
{"title": "Streets Blue Ribbon Duo Chocolate Affair | 2L", "price": "$10.00", "price_calculation": "$0.50 per 100mL", "category": "Frozen"},
{"title": "Coles Cat Food Seafood Cocktail | 400g", "price": "$1.75", "price_calculation": "$0.44 per 100g", "category": "Pet"},
{"title": "KB's Coconut Crumbed Prawns | 300g", "price": "$10.50", "price_calculation": "$35.00 per 1kg", "category": "Frozen"},
{"title": "Fancy Feast Savory Centers Salmon Pate Cat Food | 85g", "price": "$2.60", "price_calculation": "$3.06 per 100g", "category": "Pet"},
{"title": "Halo Top Salted Caramel Tub | 473mL", "price": "$10.50", "price_calculation": "$2.22 per 100mL", "category": "Frozen"},
{"title": "Nature's Gift Chicken Rice And Vegetable Dog Food | 700g", "price": "$3.50", "price_calculation": "$0.50 per 100g", "category": "Pet"},
{"title": "Birds Eye Super Crumb Sweet Potato | 425g", "price": "$11.00", "price_calculation": "$25.88 per 1kg", "category": "Frozen"},
{"title": "Chandler Original Clay Cat Litter | 7L", "price": "$7.90", "price_calculation": "$1.13 per 1L", "category": "Pet"},
{"title": "I&J Scallops Roe Off | 300g", "price": "$12.00", "price_calculation": "$40.00 per 1kg", "category": "Frozen"},
{"title": "4 Legs Lamb With Beetroot & Green Beans Dog Food Trays | 1.3kg", "price": "$8.50", "price_calculation": "$0.65 per 100g", "category": "Pet"},
{"title": "Coles Frozen Strawberries | 1kg", "price": "$12.00", "price_calculation": "$1.20 per 100g", "category": "Frozen"},
{"title": "Dine Slices With Chicken Wet Cat Food 85g Tray | 7 pack", "price": "$9.00", "price_calculation": "$1.51 per 100g", "category": "Pet"},
{"title": "Sabrini Entertainment Pack | 768g", "price": "$15.00", "price_calculation": "$1.95 per 100g", "category": "Frozen"},
{"title": "Breeders Choice Choice Cat Litter Paper | 6L", "price": "$9.00", "price_calculation": "$1.50 per 1L", "category": "Pet"},
{"title": "Royal EBI Cooked Prawn Meat | 500g", "price": "$16.50", "price_calculation": "$33.00 per 1kg", "category": "Frozen"},
{"title": "Dine Saucy Morsels With Ocean Fish Wet Cat Food 85g Tray | 7 pack", "price": "$9.00", "price_calculation": "$1.51 per 100g", "category": "Pet"},
{"title": "KB's Cooked Garlic Prawns | 500g", "price": "$19.00", "price_calculation": "$38.00 per 1kg", "category": "Frozen"},
{"title": "Love'em Dog Treats Beef Liver | 200g", "price": "$11.20", "price_calculation": "$5.60 per 100g", "category": "Pet"},
{"title": "Royal Ebi Raw Prawn Cutlet | 500g", "price": "$20.00", "price_calculation": "$40.00 per 1kg", "category": "Frozen"},
{"title": "Supercoat Senior With Fish Dry Dog Food | 2.6kg", "price": "$18.00", "price_calculation": "$0.69 per 100g", "category": "Pet"},
{"title": "Family Fave's Crumbed Chicken Tenders | 1kg", "price": "$21.50", "price_calculation": "$21.50 per 1kg", "category": "Frozen"},
{"title": "Pet Treat Bar Beef Trachea | approx 100g", "price": "$6.00", "price_calculation": "$60.00 per 1kg", "category": "Pet"},
{"title": "Coles  Frozen Salmon Fillets | 1kg", "price": "$29.50", "price_calculation": "$29.50 per 1kg", "category": "Frozen"},
{"title": "Coles Cat Food Mince With Chicken Gravy Adult | 400g", "price": "$1.75", "price_calculation": "$0.44 per 100g", "category": "Pet"},
{"title": "Mr Chen's BBQ Pork Buns Snack Pack | 110g", "price": "$4.50", "price_calculation": "$4.09 per 100g", "category": "Frozen"},
{"title": "Optimum Chicken Loaf Adult Wet Dog Food Tray | 100g", "price": "$1.80", "price_calculation": "$1.80 per 100g", "category": "Pet"},
{"title": "Bulla Creamy Classic Chocolate Hazlenut Stick | 360mL", "price": "$5.20", "price_calculation": null, "category": "Frozen"},
{"title": "Applaws Tuna Fillet with Seaweed Canned Cat Food | 70g", "price": "$1.85", "price_calculation": "$2.64 per 100g", "category": "Pet"},
{"title": "Super Nature Frozen Super Pulses Pasta With Beef & Chia Meatballs | 300g", "price": "$6.00", "price_calculation": "$2.00 per 100g", "category": "Frozen"},
{"title": "Proud & Punch Proud & Punch Caramel Date Night 6 Pack | 420mL", "price": "$6.00", "price_calculation": "$1.43 per 100mL", "category": "Frozen"},
{"title": "Coles Ice Cream 5pk Mini Vienna Mint Sticks | 285mL", "price": "$6.00", "price_calculation": "$2.11 per 100mL", "category": "Frozen"},
{"title": "On The Menu Satay Chicken & Rice | 400g", "price": "$6.00", "price_calculation": "$1.50 per 100g", "category": "Frozen"},
{"title": "On The Menu Bacon & Cheese Cottage Pie | 400g", "price": "$6.00", "price_calculation": "$1.50 per 100g", "category": "Frozen"},
{"title": "On The Menu Butter Chicken With Rice | 400g", "price": "$6.00", "price_calculation": "$1.50 per 100g", "category": "Frozen"},
{"title": "Birds Eye Veggie Rice Cauliflower Fried Rice | 500g", "price": "$6.50", "price_calculation": "$13.00 per 1kg", "category": "Frozen"},
{"title": "Borg's Frozen Shortcrust Pastry Value Pack 9 Sheets | 1.6kg", "price": "$6.80", "price_calculation": "$0.43 per 100g", "category": "Frozen"},
{"title": "Quorn Frozen Vegan Nuggets | 280g", "price": "$7.00", "price_calculation": "$2.50 per 100g", "category": "Frozen"},
{"title": "Coles Seafood Basket | 300g", "price": "$7.00", "price_calculation": "$23.33 per 1kg", "category": "Frozen"},
{"title": "Peters Skinny Cow Vanilla Choc Peanut 4 Pack | 680mL", "price": "$7.00", "price_calculation": "$1.03 per 100mL", "category": "Frozen"},
{"title": "Nood Dry Dog Food Sustainable  Salmon Recipe With Superfoods | 3kg", "price": "$23.00", "price_calculation": "$0.77 per 100g", "category": "Pet"},
{"title": "Supercoat Adult With Beef Dry Dog Food | 7kg", "price": "$28.00", "price_calculation": "$0.40 per 100g", "category": "Pet"},
{"title": "Pet Treat Bar Beef Tendons | approx 100g", "price": "$6.00", "price_calculation": "$60.00 per 1kg", "category": "Pet"},
{"title": "My Dog Adult 7+ With Tender Turkey Rice & Vegetable Medley Wet Dog Food | 100g", "price": "$1.70", "price_calculation": "$1.70 per 100g", "category": "Pet"},
{"title": "My Dog Classic Loaf With Juicy Lamb Tray Adult Wet Dog Food | 100g", "price": "$1.70", "price_calculation": "$1.70 per 100g", "category": "Pet"},
{"title": "Coles Tuna Adult Cat Food | 400g", "price": "$1.75", "price_calculation": "$0.44 per 100g", "category": "Pet"},
{"title": "Ultimates Indulge Whitemeat Tuna With Flaked Salmon | 85g", "price": "$2.00", "price_calculation": "$2.35 per 100g", "category": "Pet"},
{"title": "My Dog Chicken Mince With Rice & Carrots Can Puppy Wet Dog Food | 400g", "price": "$2.10", "price_calculation": "$0.53 per 100g", "category": "Pet"},
{"title": "Purr Cat Treat Tuna Loin | 30g", "price": "$2.20", "price_calculation": "$7.33 per 100g", "category": "Pet"},
{"title": "Nature's Gift Duck Chicken And Vegetable Dog Food | 700g", "price": "$3.50", "price_calculation": "$0.50 per 100g", "category": "Pet"},
{"title": "Pups In The Pantry Mutt-Ello Choc Biscuits O's Dog Treat | 140g", "price": "$3.50", "price_calculation": "$2.50 per 100g", "category": "Pet"},
{"title": "Farmers Market Adult Wet Dog Food Chicken Loaf With Carrots and Peas | 400g", "price": "$3.50", "price_calculation": "$0.88 per 100g", "category": "Pet"},
{"title": "Pedigree Homestyle Pedigree Homestyle Chicken With Rice & Vegies Adult Wet Dog Food Can | 700g", "price": "$3.50", "price_calculation": "$0.50 per 100g", "category": "Pet"},
{"title": "Coles Beef Basted Rawhide Chews | 100g", "price": "$3.80", "price_calculation": "$3.80 per 100g", "category": "Pet"},
{"title": "Vitapet Duck Wrapped Rawhide Sticks Dog Treat | 5 pack", "price": "$4.10", "price_calculation": "$0.82 per 1ea", "category": "Pet"},
{"title": "Nature's Gift Adult All Breeds Wet Dog Food Loaf Chicken Rice & Vegetables | 1.2kg", "price": "$4.50", "price_calculation": "$0.38 per 100g", "category": "Pet"},
{"title": "Dine Fresh And Fine Chunks In Gravy With Chicken And Turkey Cat Food Pouch 6x50g | 6 pack", "price": "$5.00", "price_calculation": "$1.67 per 100g", "category": "Pet"},
{"title": "Fancy Feast Adult Salmon & Oceanfish Cat Food | 450g", "price": "$5.50", "price_calculation": "$1.22 per 100g", "category": "Pet"},
{"title": "Purr Singles Cat Food Seafood Selection 6x85g | 6 pack", "price": "$5.70", "price_calculation": "$1.12 per 100g", "category": "Pet"},
{"title": "Bow Wow Super Snacks Vita Shape Filled Biscuits Multigrain Bones Dog Treats | 500g", "price": "$6.00", "price_calculation": "$1.20 per 100g", "category": "Pet"},
{"title": "Prime Pantry Jerky Dog Treat Kangaroo | 100g", "price": "$6.80", "price_calculation": "$6.80 per 100g", "category": "Pet"},
{"title": "Vitapet Chicken Wrapped Rawhide Dog Chews | 1 pack", "price": "$7.60", "price_calculation": "$7.60 per 1ea", "category": "Pet"},
{"title": "Woofin Good Peanut Butter Flavour Dog Treat Biscuits | 800g", "price": "$8.00", "price_calculation": "$1.00 per 100g", "category": "Pet"},
{"title": "Vitapet Chewz Chicken Rolls Dog Treat | 2 pack", "price": "$8.30", "price_calculation": "$4.15 per 1ea", "category": "Pet"},
{"title": "Rufus & Coco Do Good Cat Litter | 4L", "price": "$12.00", "price_calculation": "$3.00 per 1L", "category": "Pet"},
{"title": "Coles Adult Dry Dog Food With Beef | 8kg", "price": "$13.00", "price_calculation": "$0.16 per 100g", "category": "Pet"},
{"title": "Whiskas So Meaty 1+ Years Wet Cat Food Poultry Dishes 85g Pouch | 12 pack", "price": "$13.50", "price_calculation": "$1.32 per 100g", "category": "Pet"},
{"title": "Pedigree Dentastix Small Dog Treats Daily Oral Care Dental Chews | 28 pack", "price": "$15.50", "price_calculation": "$0.55 per 1ea", "category": "Pet"},
{"title": "Schmackos Strapz Dog Treat Beef Chicken And Liver Variety Pack | 500g", "price": "$16.00", "price_calculation": "$3.20 per 100g", "category": "Pet"},
{"title": "Greenies Original Dog Treat Petite | 170g", "price": "$18.00", "price_calculation": "$10.59 per 100g", "category": "Pet"},
{"title": "Elevate Adult Cat Chicken Chunks With Carrot & Pumpkin In Gravy 12X85g | 12 pack", "price": "$21.00", "price_calculation": "$2.06 per 100g", "category": "Pet"},
{"title": "Supercoat Adult Healthy Weight With Chicken Dry Dog Food | 6.7kg", "price": "$28.00", "price_calculation": "$0.42 per 100g", "category": "Pet"},
{"title": "Pet Treat Bar Healthy Gut Dog Biscuits | approx 100g", "price": "$6.00", "price_calculation": "$60.00 per 1kg", "category": "Pet"},
{"title": "Pet Treat Bar Carob Chip Cookies | approx 100g", "price": "$6.00", "price_calculation": "$60.00 per 1kg", "category": "Pet"},
{"title": "Dine Classic Collection Pouch Beef In Gravy Cat Food | 85g", "price": "$1.50", "price_calculation": "$1.76 per 100g", "category": "Pet"},
{"title": "Dine Pulled Menu Chicken Cat Food | 85g", "price": "$1.60", "price_calculation": "$1.88 per 100g", "category": "Pet"},
{"title": "My Dog Food Classic Loaf With Tender Chicken Adult Wet Dog | 100g", "price": "$1.70", "price_calculation": "$1.70 per 100g", "category": "Pet"},
{"title": "Ultimates Indulge Tuna With Shredded Chicken Breast & Prawns Adult Cat Food | 85g", "price": "$2.00", "price_calculation": "$2.35 per 100g", "category": "Pet"},
{"title": "Applaws Cat Food Pouch Tuna Wholemeat In Jelly | 70g", "price": "$2.20", "price_calculation": "$3.14 per 100g", "category": "Pet"},
{"title": "Coles Dog Food Casserole Chicken Rice & Vegetables | 700g", "price": "$2.25", "price_calculation": "$0.32 per 100g", "category": "Pet"},
{"title": "Fancy Feast Royale Whitemeat Tuna Cat Food | 85g", "price": "$2.30", "price_calculation": "$2.71 per 100g", "category": "Pet"},
{"title": "Fussy Cat Twice As Tasty Cat Food Pate & Pieces Chicken With Kangaroo | 70g", "price": "$2.50", "price_calculation": "$3.57 per 100g", "category": "Pet"},
{"title": "Ultimates Beef Mince In Gravy Dog Food | 400g", "price": "$2.90", "price_calculation": "$0.73 per 100g", "category": "Pet"},
{"title": "Ultimates Chicken Mince In Gravy Dog Food | 400g", "price": "$2.90", "price_calculation": "$0.73 per 100g", "category": "Pet"},
{"title": "Herbert Adams Premium Gourmet King Island Beef Party Pies 12 pack | 420g", "price": "$7.60", "price_calculation": "$1.81 per 100g", "category": "Frozen"},
{"title": "McCain Lil Pizzas Ham & Cheese 4 Pack | 400g", "price": "$7.80", "price_calculation": "$1.95 per 100g", "category": "Frozen"},
{"title": "Four'N Twenty Frozen Beef & Cheese Pies 4 pack | 700g", "price": "$8.50", "price_calculation": "$1.21 per 100g", "category": "Frozen"},
{"title": "Core Power Foods Holy Meatballs Lean Beef | 350g", "price": "$9.00", "price_calculation": "$2.57 per 100g", "category": "Frozen"},
{"title": "Mars Chocolate Smooth Creamy Ice Bar 6 Pack | 295mL", "price": "$9.00", "price_calculation": "$3.05 per 100mL", "category": "Frozen"},
{"title": "Gelatissimo Gelato Caramel Cookie Butter Tub | 473mL", "price": "$10.00", "price_calculation": "$2.11 per 100mL", "category": "Frozen"},
{"title": "Peters Drumstick Classic Vanilla Ice Cream Cone 16 pack | 1.9L", "price": "$20.00", "price_calculation": "$1.05 per 100mL", "category": "Frozen"},
{"title": "Annabel Karmel Meals Cottage Pie | 200g", "price": "$3.90", "price_calculation": "$1.95 per 100g", "category": "Frozen"},
{"title": "Birds Eye Snap Frozen Baby Beans | 500g", "price": "$4.00", "price_calculation": "$8.00 per 1kg", "category": "Frozen"},
{"title": "Coles Mi Goreng | 375g", "price": "$4.00", "price_calculation": "$1.07 per 100g", "category": "Frozen"},
{"title": "Coles RSPCA Approved Thai Green Chicken Curry with Long Grain Rice | 375g", "price": "$4.00", "price_calculation": "$1.07 per 100g", "category": "Frozen"},
{"title": "Birds Eye Frozen Steam Fresh Peas Beans Corn & Broccoli Mix 3 pack | 450g", "price": "$4.50", "price_calculation": "$10.00 per 1kg", "category": "Frozen"},
{"title": "Birds Eye Frozen Cauliflower Rice | 500g", "price": "$4.95", "price_calculation": "$9.90 per 1kg", "category": "Frozen"},
{"title": "Pampas Frozen Shortcrust Pastry Sheets 5 pack | 1kg", "price": "$5.20", "price_calculation": "$0.52 per 100g", "category": "Frozen"},
{"title": "Steggles Chicken Salted Chicken Chips | 400g", "price": "$6.00", "price_calculation": "$15.00 per 1kg", "category": "Frozen"},
{"title": "Coles I'M Free From Garlic Bread | 400g", "price": "$7.00", "price_calculation": "$1.75 per 100g", "category": "Frozen"},
{"title": "Bulla Creamy Classics Triple Choc Cone 4Pk | 520mL", "price": "$7.00", "price_calculation": "$1.35 per 100mL", "category": "Frozen"},
{"title": "Bulla Creamy Classic Sandwichs Cookies & Cream | 560mL", "price": "$9.00", "price_calculation": null, "category": "Frozen"},
{"title": "On The Menu Roast Beef Plated Meal | 320g", "price": "$7.00", "price_calculation": "$2.19 per 100g", "category": "Frozen"},
{"title": "Temptation Frozen Petite Quiches Variety 30 Pack | 500g", "price": "$10.00", "price_calculation": "$2.00 per 100g", "category": "Frozen"},
{"title": "Pacific West Frozen Cocktail Spring Rolls | 1kg", "price": "$12.50", "price_calculation": "$1.25 per 100g", "category": "Frozen"},
{"title": "Kb's Whiting Bites Battered | 1kg", "price": "$13.75", "price_calculation": "$13.75 per 1kg", "category": "Frozen"},
{"title": "Birds Eye Frozen Atlantic Salmon Fillets With Lemon | 260g", "price": "$14.00", "price_calculation": "$53.85 per 1kg", "category": "Frozen"},
{"title": "Coles Frozen Shortcrust Pastry 5 pack | 1kg", "price": "$2.95", "price_calculation": "$0.30 per 100g", "category": "Frozen"},
{"title": "Annabel Karmel Meals Bolognaise Pasta Bake | 200g", "price": "$3.90", "price_calculation": "$1.95 per 100g", "category": "Frozen"},
{"title": "Coles Frozen Fish Fillets Beer Battered | 425g", "price": "$4.40", "price_calculation": "$10.35 per 1kg", "category": "Frozen"},
{"title": "Birds Eye Carrot- Cauli & Broccoli Veggie Rice | 500g", "price": "$4.95", "price_calculation": "$9.90 per 1kg", "category": "Frozen"},
{"title": "Inghams Tempura Nuggets | 400g", "price": "$5.50", "price_calculation": "$13.75 per 1kg", "category": "Frozen"},
{"title": "Birds Eye Frozen Supreme Mixed Vegetables Stir Fry | 850g", "price": "$5.50", "price_calculation": "$6.47 per 1kg", "category": "Frozen"},
{"title": "Steggles Frozen Hot & Spicy Chicken Breast Tenders | 400g", "price": "$6.00", "price_calculation": "$15.00 per 1kg", "category": "Frozen"},
{"title": "Super Nature Frozen Sri Lankan Root Vegetable And Ancient Grain Curry With Cauliflower And Brown Rice Mix Wellness Bowl | 350g", "price": "$6.00", "price_calculation": "$1.71 per 100g", "category": "Frozen"},
{"title": "Birds Eye Frozen Fish Fingers 15 Pieces | 375g", "price": "$6.20", "price_calculation": "$16.53 per 1kg", "category": "Frozen"},
{"title": "Coles Irresistible Ice Cream Salted Caramel | 1L", "price": "$6.50", "price_calculation": "$0.65 per 100mL", "category": "Frozen"},
{"title": "Borg's Feta & Spinach Gozleme | 300g", "price": "$7.00", "price_calculation": "$2.33 per 100g", "category": "Frozen"},
{"title": "Connoisseur Ice Cream Mint & Cookies | 1L", "price": "$9.00", "price_calculation": "$0.90 per 100mL", "category": "Frozen"},
{"title": "Connoisseur Ice Cream Matcha Green Tea With White Choc 1Litre | 1L", "price": "$9.00", "price_calculation": "$0.90 per 100mL", "category": "Frozen"},
{"title": "Pet Treat Bar Berry Love Biscuits | approx 100g", "price": null, "price_calculation": null, "category": "Pet"},
{"title": "Core Powerfoods Naked Parmigiana | 350g", "price": "$9.00", "price_calculation": "$2.57 per 100g", "category": "Frozen"},
{"title": "Rufus & Coco Elasticised Large  Litter Tray Liner  | 8 pack", "price": "$7.25", "price_calculation": "$0.91 per 1ea", "category": "Pet"},
{"title": "Coles Spinach And Cheese Spanakopita | 800g", "price": "$11.60", "price_calculation": "$1.45 per 100g", "category": "Frozen"},
{"title": "180 Degrees Parmesan Oat Crackers | 135g", "price": "$4.80", "price_calculation": "$3.56 per 100g", "category": "Pantry"},
{"title": "Bow Wow Pigs Ears Dog Treats | 5 pack", "price": "$9.80", "price_calculation": "$1.96 per 1ea", "category": "Pet"},
{"title": "Sara Lee Classic Ultra Chocolate Ice Cream | 1L", "price": "$12.00", "price_calculation": "$1.20 per 100mL", "category": "Frozen"},
{"title": "Quest Protein Bar Birthday Cake | 60g", "price": "$4.80", "price_calculation": "$8.00 per 100g", "category": "Pantry"},
{"title": "My Dog Roast Chicken Flavour Including Garden Vegetables Cheddar Cheese And Bacon Flavours Dry Dog Food | 1.5kg", "price": "$10.00", "price_calculation": "$0.67 per 100g", "category": "Pet"},
{"title": "KB Gyoza Pork | 750g", "price": "$13.60", "price_calculation": "$1.81 per 100g", "category": "Frozen"},
{"title": "Coles Easy To Use Sauce Base Recipe | 500mL", "price": "$4.80", "price_calculation": "$0.96 per 100mL", "category": "Pantry"},
{"title": "Applaws Tuna Fillet Canned Cat Food | 70g", "price": "$1.85", "price_calculation": "$2.64 per 100g", "category": "Pet"},
{"title": "KB's Whiting Bites Southern Style Batter | 1kg", "price": "$13.75", "price_calculation": "$13.75 per 1kg", "category": "Frozen"},
{"title": "180 Degrees Grazers Artisan Crackers Cranberry | 120g", "price": "$4.80", "price_calculation": "$4.00 per 100g", "category": "Pantry"},
{"title": "Fancy Feast Classic Cat Food Kitten Whitefish Feast | 85g", "price": "$1.90", "price_calculation": "$2.24 per 100g", "category": "Pet"},
{"title": "Mainstream Tropical North Queensland Barramundi Portions | 260g", "price": "$14.00", "price_calculation": "$53.85 per 1kg", "category": "Frozen"},
{"title": "F. Whitlock & Sons Yakitori Marinade | 400mL", "price": "$4.90", "price_calculation": "$1.23 per 100mL", "category": "Pantry"},
{"title": "Coles Adult Dry Cat Food With Beef & Vegetables | 1kg", "price": "$4.00", "price_calculation": "$0.40 per 100g", "category": "Pet"},
{"title": "Birds Eye Southern Blue Whiting Fillets | 1kg", "price": "$16.50", "price_calculation": "$16.50 per 1kg", "category": "Frozen"},
{"title": "Valley Produce Co. Vegetable Flatbread Cheese | 130g", "price": "$4.90", "price_calculation": "$3.77 per 100g", "category": "Pantry"},
{"title": "Nature's Gift Adult Chilled Fresh Dog Food Deli Roll Chicken Brown Rice & Vegetables | 1.4kg", "price": "$4.60", "price_calculation": "$0.33 per 100g", "category": "Pet"},
{"title": "Annabel Karmel Butter Chicken | 200g", "price": "$3.90", "price_calculation": "$1.95 per 100g", "category": "Frozen"},
{"title": "Gullon Sugar Free Chocolate Chip Cookies | 125g", "price": "$5.00", "price_calculation": "$4.00 per 100g", "category": "Pantry"},
{"title": "Pedigree Dentastix Medium Dog Treats Daily Oral Care Dental Chews | 7 pack", "price": "$6.50", "price_calculation": "$0.93 per 1ea", "category": "Pet"},
{"title": "Annabel Karmel Meals Mac Cheese | 200g", "price": "$3.90", "price_calculation": "$1.95 per 100g", "category": "Frozen"},
{"title": "Cornwell's Lancashire Relish | 500mL", "price": "$5.00", "price_calculation": "$1.00 per 100mL", "category": "Pantry"},
{"title": "Applaws Chicken Breast Cat Food | 70g", "price": "$1.85", "price_calculation": "$2.64 per 100g", "category": "Pet"},
{"title": "Coles Urban Coffee Culture Syrup Vanilla | 360mL", "price": "$5.00", "price_calculation": "$1.39 per 100mL", "category": "Pantry"},
{"title": "Woofin Good Puppy & Adult Milky Sticks Chicken Dog Treat | 100g", "price": "$3.60", "price_calculation": "$3.60 per 100g", "category": "Pet"},
{"title": "Paul Newman's Own Bolognese Pasta Sauce | 680g", "price": null, "price_calculation": null, "category": "Pantry"},
{"title": "Nature's Gift Adult Chilled Fresh Dog Food Meatballs With Kangaroo Peas & Sweet Potato | 700g", "price": "$6.00", "price_calculation": "$0.86 per 100g", "category": "Pet"},
{"title": "Temole Sweet Chilli Broccoli Puffs | 56g", "price": "$5.00", "price_calculation": "$8.93 per 100g", "category": "Pantry"},
{"title": "Whiskas Sardine And Tuna 7+ Years Dry Cat Food | 800g", "price": "$6.50", "price_calculation": "$0.81 per 100g", "category": "Pet"},
{"title": "Cadbury Pascall Clinkers | 160g", "price": "$5.00", "price_calculation": "$3.13 per 100g", "category": "Pantry"},
{"title": "Temptations Seafood Medley Flavour Cat Treats | 180g", "price": "$7.00", "price_calculation": "$3.89 per 100g", "category": "Pet"},
{"title": "Pana Organic Mylk Chocolate Baking Bar | 80g", "price": "$5.00", "price_calculation": "$6.25 per 100g", "category": "Pantry"},
{"title": "4 Legs Natural Wellness Boost With Chicken Vegies & Fruit Meatball Dog Food Tray | 870g", "price": "$7.80", "price_calculation": "$0.90 per 100g", "category": "Pet"},
{"title": "Dollar Sweets Two Tone Pink & White Frosting | 160g", "price": "$5.00", "price_calculation": "$3.13 per 100g", "category": "Pantry"},
{"title": "Vitapet Chewz Chicken Wrapped Rawhide Sticks Dog Treat | 18 pack", "price": "$16.50", "price_calculation": "$0.92 per 1ea", "category": "Pet"},
{"title": "Red Rock Deli Style Cracker Dijon Mustard Hon | 135g", "price": "$5.00", "price_calculation": "$3.70 per 100g", "category": "Pantry"},
{"title": "Fussy Cat Grain Free Adult Dry Cat food Salmon & Oceanfish With Olive Oil | 2.5kg", "price": "$24.00", "price_calculation": "$0.96 per 100g", "category": "Pet"},
{"title": "Whittaker's Block Chocolate Honey Nougat & Almond | 250g", "price": "$5.00", "price_calculation": "$2.00 per 100g", "category": "Pantry"},
{"title": "Bow Wow Peamutt Butter Roll Dog Treat | 1 pack", "price": "$2.45", "price_calculation": "$2.45 per 1ea", "category": "Pet"},
{"title": "Uncle Tobys Nutritious Snacks Muesli Bars Golden Oats | 185g", "price": null, "price_calculation": null, "category": "Pantry"},
{"title": "Purr Cat Treat Chicken Creamy Treat 4X12G | 4 pack", "price": "$2.60", "price_calculation": "$5.42 per 100g", "category": "Pet"},
{"title": "Nice & Natural Thickshake Bars Caramel 6 Pack | 120g", "price": null, "price_calculation": null, "category": "Pantry"},
{"title": "Coles Adult Chilled Fresh Dog Food Roll Lamb & Vege's | 1kg", "price": "$2.75", "price_calculation": "$0.28 per 100g", "category": "Pet"},
{"title": "Nice & Natural Thickshake Bars Chocolate 6 Pack | 120g", "price": null, "price_calculation": null, "category": "Pantry"},
{"title": "Fussy Cat Grainfree Indoor Cat Food | 500g", "price": "$4.80", "price_calculation": "$0.96 per 100g", "category": "Pet"},
{"title": "Nice & Natural Thickshake Bars Strawberry 6 Pack | 120g", "price": null, "price_calculation": null, "category": "Pantry"},
{"title": "Dine Tuna Mornay Topped With Cheese Cat Food Multipack | 7 pack", "price": "$9.00", "price_calculation": "$1.51 per 100g", "category": "Pet"},
{"title": "Uncle Tobys Roll Ups Watermelon Sour | 94g", "price": null, "price_calculation": null, "category": "Pantry"},
{"title": "My Dog With Gourmet Beef And Roast Vegetable Flavour Dry Dog Food | 1.5kg", "price": "$10.00", "price_calculation": "$0.67 per 100g", "category": "Pet"},
{"title": "Queen Natural Choc Flavouring Paste White | 100g", "price": "$5.20", "price_calculation": "$5.20 per 100g", "category": "Pantry"},
{"title": "Catsan Ultra Clumping Cat Litter | 7kg", "price": "$21.00", "price_calculation": "$3.00 per 1kg", "category": "Pet"},
{"title": "Queen Natural Choc Flavouring Paste | 100g", "price": "$5.20", "price_calculation": "$5.20 per 100g", "category": "Pantry"},
{"title": "My Dog Adult 7+ With Juicy Lamb Rice & Carrots Can Wet Dog Food | 400g", "price": "$2.10", "price_calculation": "$0.53 per 100g", "category": "Pet"},
{"title": "Queen Natural Dark Choc Flavouring Paste | 100g", "price": "$5.20", "price_calculation": "$5.20 per 100g", "category": "Pantry"},
{"title": "The Natural Confectionery Co. Rainbow Snakes Lollies | 220g", "price": "$4.00", "price_calculation": "$1.82 per 100g", "category": "Pantry"},
{"title": "V.I.P Paws Fresh Meat Portions Dog Food 5X90Gram | 5 pack", "price": "$4.00", "price_calculation": "$0.89 per 100g", "category": "Pet"},
{"title": "Nature One Dairy A2 Milk Protein Vanilla Custard | 1L", "price": "$5.25", "price_calculation": "$0.53 per 100mL", "category": "Pantry"},
{"title": "Pringles Minis Sour Cream & Onion Potato Chips 5 pack | 95g", "price": "$4.00", "price_calculation": "$4.21 per 100g", "category": "Pantry"},
{"title": "Pets Own Cat & Kitten Milk | 1L", "price": "$4.50", "price_calculation": "$0.45 per 100mL", "category": "Pet"},
{"title": "Heinz Tortellini Three Cheese Pasta Meal Creamy Pumpkin & Garlic | 350g", "price": "$5.30", "price_calculation": "$1.51 per 100g", "category": "Pantry"},
{"title": "Pantai Sriracha Chilli Sauce | 435mL", "price": "$4.55", "price_calculation": "$1.05 per 100mL", "category": "Pantry"},
{"title": "Farmers Market Adult Chilled Fresh Dog Food Homestyle Shreds With Chicken Carrot & Cranberries | 250g", "price": "$5.00", "price_calculation": "$2.00 per 100g", "category": "Pet"},
{"title": "Heinz Tortellini Three Cheese Pasta Meal Creamy Mushroom & Bacon | 350g", "price": "$5.30", "price_calculation": "$1.51 per 100g", "category": "Pantry"},
{"title": "St Dalfour Wild Blueberry Spread | 284g", "price": "$5.70", "price_calculation": "$2.01 per 100g", "category": "Pantry"},
{"title": "Coles Adult Chilled Fresh Dog Food Roll Lamb | 3kg", "price": "$6.00", "price_calculation": "$0.20 per 100g", "category": "Pet"},
{"title": "Musselman's Blueberry Pie Filling | 595g", "price": "$5.50", "price_calculation": "$0.92 per 100g", "category": "Pantry"},
{"title": "Gold Sunset Canola Oil | 4L", "price": "$36.00", "price_calculation": "$0.90 per 100mL", "category": "Pantry"},
{"title": "Nature's Gift Adult Chilled Fresh Dog Food Meatballs With Chicken Brown Rice & Garden Vegetables | 700g", "price": "$6.00", "price_calculation": "$0.86 per 100g", "category": "Pet"},
{"title": "OB Finest Natural Sour Dough Crispbread | 110g", "price": "$5.50", "price_calculation": "$5.00 per 100g", "category": "Pantry"},
{"title": "Whittaker's Toasted Coconut Slab Milk Chocolate Bar | 50g", "price": "$1.00", "price_calculation": "$2.00 per 100g", "category": "Pantry"},
{"title": "Yarra Burn Prosecco Spritz Orange Bitters NV 250mL | 1 Each", "price": "$6.00", "price_calculation": "$24.00 per 1L", "category": "Liquor"},
{"title": "Whiskas Furball Sardine And Prawn Adult Dry Cat Food | 800g", "price": "$6.50", "price_calculation": "$0.81 per 100g", "category": "Pet"},
{"title": "Queen Victoria Vanilla Chai Tea Bags | 100 pack", "price": "$5.50", "price_calculation": "$0.06 per 1ea", "category": "Pantry"},
{"title": "Nestle KitKat Gold Caramelised White Chocolate Block | 170g", "price": "$2.75", "price_calculation": "$1.62 per 100g", "category": "Pantry"},
{"title": "Native Spirits Hobart Modern Gin By 7K 500mL | 1 Each", "price": "$60.00", "price_calculation": "$120.00 per 1L", "category": "Liquor"},
{"title": "Prime 100 Australian Snapper & Vegetables Dog Roll Dog Food | 1.7kg", "price": "$9.28", "price_calculation": "$0.55 per 100g", "category": "Pet"},
{"title": "Coles Asia Panko Crumbs | 600g", "price": null, "price_calculation": null, "category": "Pantry"},
{"title": "Nestle KitKat Mint Cookies & Cream Milk Chocolate Block  | 170g", "price": "$2.75", "price_calculation": "$1.62 per 100g", "category": "Pantry"},
{"title": "Moon Dog Fizzer Tropical Crush 330mL | 24 Pack", "price": "$72.00", "price_calculation": "$9.09 per 1L", "category": "Liquor"},
{"title": "Optimum Dry Cat Food Furball With Chicken | 800g", "price": "$12.00", "price_calculation": "$1.50 per 100g", "category": "Pet"},
{"title": "OB Finest Sour Dough Crispbread Wholemeal | 110g", "price": "$5.50", "price_calculation": "$5.00 per 100g", "category": "Pantry"},
{"title": "Oreo Milk Chocolate Wafer Sticks Biscuits | 128g", "price": "$3.00", "price_calculation": "$2.34 per 100g", "category": "Pantry"},
{"title": "Bridge Road Beechworth Pale Ale Bottle 330mL | 24 Pack", "price": "$81.00", "price_calculation": "$1.02 per 100mL", "category": "Liquor"},
{"title": "Dine Pulled Menu Gravy Indulgence Chicken Cat Food | 85g", "price": "$1.60", "price_calculation": "$1.88 per 100g", "category": "Pet"},
{"title": "OB Finest Sour Dough Crispbread Ancient Grains | 110g", "price": "$5.50", "price_calculation": "$5.00 per 100g", "category": "Pantry"},
{"title": "Coles Rolled Oats Value Pack | 1.8 kg", "price": "$3.10", "price_calculation": "$0.17 per 100g", "category": "Pantry"},
{"title": "Jim Beam White Double Serve Zero 6.7% Can 375mL | 24 Pack", "price": "$119.00", "price_calculation": "$13.22 per 1L", "category": "Liquor"},
{"title": "Fancy Feast Creamy Delights With Grilled Tuna Cat Food | 85g", "price": "$1.90", "price_calculation": "$2.24 per 100g", "category": "Pet"},
{"title": "Mayver's Fibre Plus Peanut Butter | 375g", "price": "$5.50", "price_calculation": "$1.47 per 100g", "category": "Pantry"},
{"title": "Cadbury Milk Chocolate Baking Chips | 200g", "price": "$3.50", "price_calculation": "$1.75 per 100g", "category": "Pantry"},
{"title": "Billson's Passionfruit Vodka Mixed Drink Can 355mL | 24 Pack", "price": "$130.00", "price_calculation": "$15.26 per 1L", "category": "Liquor"},
{"title": "Natures Goodness Grain Free Puppy Chilled Fresh Dog Food Roll Growing Pup Chicken with Vegetables | 680g", "price": "$3.00", "price_calculation": "$0.44 per 100g", "category": "Pet"},
{"title": "Praise Goodness Whole Egg Chilli Mayo | 250mL", "price": "$5.50", "price_calculation": "$2.20 per 100mL", "category": "Pantry"},
{"title": "Cheetos Puffs Party Bag | 165g", "price": "$4.00", "price_calculation": "$2.42 per 100g", "category": "Pantry"},
{"title": "Bosio Barbera d'Asti DOCG 750mL | 1 Each", "price": "$22.00", "price_calculation": "$29.33 per 1L", "category": "Liquor"},
{"title": "Chobani Dollop Yogurt Dog Food | 300g", "price": "$4.00", "price_calculation": "$1.33 per 100g", "category": "Pet"},
{"title": "Sunbeam Australian Nuts Almond Meal | 110g", "price": "$5.50", "price_calculation": "$50.00 per 1kg", "category": "Pantry"},
{"title": "Coles Ultimate 40% Triple Chocolate Chip Cookie | 400g", "price": "$4.00", "price_calculation": "$1.00 per 100g", "category": "Pantry"},
{"title": "Woodstock Bourbon & Cola 10% Can 200mL | 24 Pack", "price": "$117.00", "price_calculation": "$24.38 per 1L", "category": "Liquor"},
{"title": "Temptations Tasty Chicken Flavour Cat Treats | 85g", "price": "$5.00", "price_calculation": "$5.88 per 100g", "category": "Pet"},
{"title": "Coles Natures Kitchen Chicken Style Meat free Slices | 100g", "price": "$5.50", "price_calculation": "$5.50 per 100g", "category": "Pantry"},
{"title": "Coles Medjool Dates loose | approx 200g", "price": "$4.40", "price_calculation": "$22.00 per 1kg", "category": "Pantry"},
{"title": "Rob Dolan True Colours Dry Rose 750mL | 1 Each", "price": "$25.00", "price_calculation": "$33.33 per 1L", "category": "Liquor"},
{"title": "Temptations Tasty Chicken Flavour Cat Treats | 180g", "price": "$7.00", "price_calculation": "$3.89 per 100g", "category": "Pet"},
{"title": "Coles Natures Kitchen Chicken Style Meat free Mince | 100g", "price": "$5.50", "price_calculation": "$5.50 per 100g", "category": "Pantry"},
{"title": "Continental Sensations Harvest Pumpkin & Sour Cream Soup Serves 2 | 70g", "price": "$1.75", "price_calculation": "$2.50 per 100g", "category": "Pantry"},
{"title": "Just Vodka Tropical Can 330mL | 16 Pack", "price": "$76.00", "price_calculation": "$14.39 per 1L", "category": "Liquor"},
{"title": "Love'em Grain Free Dog Treats Lamb Jerky With Rosemary Flavour | 200g", "price": "$7.00", "price_calculation": "$3.50 per 100g", "category": "Pet"},
{"title": "De Zhujang 52 Spicy Hot Pot Base | 220g", "price": null, "price_calculation": null, "category": "Pantry"},
{"title": "Coles Corn Spears Young | 410g", "price": "$1.90", "price_calculation": "$4.63 per 1kg", "category": "Pantry"},
{"title": "Mountain Culture Cult IPA Can 355mL | 16 Pack", "price": "$90.00", "price_calculation": "$15.85 per 1L", "category": "Liquor"},
{"title": "Artisan Crackers With Sea Salt Mini | 110g", "price": "$5.50", "price_calculation": "$5.00 per 100g", "category": "Pantry"},
{"title": "Nissin Seafood Noodle Cup | 72g", "price": "$1.95", "price_calculation": "$2.71 per 100g", "category": "Pantry"},
{"title": "Bodriggy Stingray Draught Can 355mL | 6 Pack", "price": "$21.00", "price_calculation": "$9.86 per 1L", "category": "Liquor"},
{"title": "Sunrice Mexican Style Rice Pouch | 450g", "price": "$5.50", "price_calculation": "$1.22 per 100g", "category": "Pantry"},
{"title": "White Wings Self Raising Flour | 1kg", "price": "$2.00", "price_calculation": "$2.00 per 1kg", "category": "Pantry"},
{"title": "Bundaberg UP & Cola Can 375mL | 30 Pack", "price": "$130.00", "price_calculation": "$1.16 per 100mL", "category": "Liquor"},
{"title": "Always Fresh Organic Whole Cucumbers | 680g", "price": "$5.60", "price_calculation": "$8.24 per 1kg", "category": "Pantry"},
{"title": "Wild Tides Tuna Olive Oil | 95g", "price": "$2.50", "price_calculation": "$26.32 per 1kg", "category": "Pantry"},
{"title": "Brown & Co A Little Refreshing Prosecco 250mL | 1 Each", "price": "$6.50", "price_calculation": "$26.00 per 1L", "category": "Liquor"},
{"title": "Goodness Bowl Premium Muesli Apple Crumble 650g | 1 each", "price": "$5.60", "price_calculation": "$0.86 per 100g", "category": "Pantry"},
{"title": "Doritos Thai Sweet Chilli Corn Chips | 150g", "price": "$3.35", "price_calculation": "$2.23 per 100g", "category": "Pantry"},
{"title": "Wolf Of The Willows PUP Can 355mL | 24 Pack", "price": "$75.00", "price_calculation": "$8.82 per 1L", "category": "Liquor"},
{"title": "Wallaby Bites Gluten Free Dark Chocolate Orange Almond & Coconut Yoghurt | 150g", "price": "$5.70", "price_calculation": "$3.80 per 100g", "category": "Pantry"},
{"title": "Coles Brown Sugar | 1kg", "price": "$3.40", "price_calculation": "$0.34 per 100g", "category": "Pantry"},
{"title": "Yarra Burn Prosecco Spritz NV 250mL | 1 Each", "price": "$6.00", "price_calculation": "$24.00 per 1L", "category": "Liquor"},
{"title": "Easiyo Strawberry Yoghurt | 230g", "price": "$5.70", "price_calculation": "$2.48 per 100g", "category": "Pantry"},
{"title": "The Natural Confectionery Co. Party Mix Lollies | 220g", "price": "$4.00", "price_calculation": "$1.82 per 100g", "category": "Pantry"},
{"title": "Carmel Concord 750mL | 1 Each", "price": "$22.00", "price_calculation": "$29.33 per 1L", "category": "Liquor"},
{"title": "Sweet William Dairy Free Choc Baking Buttons | 300g", "price": "$5.70", "price_calculation": "$1.90 per 100g", "category": "Pantry"},
{"title": "Coles Organic Fairtrade Gold Freeze Dried Coffee | 100g", "price": "$4.00", "price_calculation": "$4.00 per 100g", "category": "Pantry"},
{"title": "Bodriggy Dayspring IPA Can 355mL | 4 Pack", "price": "$25.00", "price_calculation": "$17.61 per 1L", "category": "Liquor"},
{"title": "Celestial Seasonings Tea Bags Herb Sleepytime | 20 pack", "price": null, "price_calculation": null, "category": "Pantry"},
{"title": "Lee Kum Kee Soy Sauce | 500mL", "price": "$4.30", "price_calculation": "$0.86 per 100mL", "category": "Pantry"},
{"title": "Sungazer Mango Fruity Beer Can 300mL | 16 Pack", "price": "$40.00", "price_calculation": "$8.33 per 1L", "category": "Liquor"},
{"title": "Nice & Natural Thins Double Chocolate | 6 pack", "price": "$5.75", "price_calculation": "$0.96 per 1ea", "category": "Pantry"},
{"title": "Oreo Original Cookies Family Pack  | 370g", "price": "$4.50", "price_calculation": "$1.22 per 100g", "category": "Pantry"},
{"title": "Woodstock Bourbon & Cola 6% 375mL | 24 Pack", "price": "$126.00", "price_calculation": "$14.00 per 1L", "category": "Liquor"},
{"title": "Milky Way Chocolate Party Share Bag 15 Piece | 180g", "price": "$5.00", "price_calculation": "$2.78 per 100g", "category": "Pantry"},
{"title": "Moon Dog Tropical Beer Can 330mL | 6 Pack", "price": null, "price_calculation": null, "category": "Liquor"},
{"title": "St Dalfour Red Raspberry Spread | 284g", "price": "$5.70", "price_calculation": "$2.01 per 100g", "category": "Pantry"},
{"title": "Pirate Life California Pale Ale Can 355mL | 16 Pack", "price": null, "price_calculation": null, "category": "Liquor"},
{"title": "Edgell 4 Bean Mix | 400g", "price": "$1.70", "price_calculation": "$4.25 per 1kg", "category": "Pantry"},
{"title": "Stomping Ground Hop Stomper Can IPA 355mL | 16 Pack", "price": "$56.00", "price_calculation": "$9.86 per 1L", "category": "Liquor"},
{"title": "Oreo Crme Biscuits Choc Mint | 131g", "price": "$1.75", "price_calculation": "$1.34 per 100g", "category": "Pantry"},
{"title": "Deeds Half Time Pale Ale Can 375mL | 24 Pack", "price": "$60.00", "price_calculation": "$6.67 per 1L", "category": "Liquor"},
{"title": "Peckish Cheese Rice Crackers | 100g", "price": "$2.50", "price_calculation": "$2.50 per 100g", "category": "Pantry"},
{"title": "Billson's Pine Lime Mixed Drink 355mL | 24 Pack", "price": "$130.00", "price_calculation": "$15.26 per 1L", "category": "Liquor"},
{"title": "Leggo's Bolognese with Chunky Tomato Garlic & Herbs Pasta Sauce | 500g", "price": "$4.30", "price_calculation": "$0.86 per 100g", "category": "Pantry"},
{"title": "Jim Beam Black Double Serve 6.9% Can 375mL | 24 Pack", "price": "$152.00", "price_calculation": "$16.89 per 1L", "category": "Liquor"},
{"title": "The Natural Confectionery Co. Party Mix Lollies Value Bag | 430g", "price": "$5.00", "price_calculation": "$1.16 per 100g", "category": "Pantry"},
{"title": "SUNGAZER SUNGAZER WATERMELON FRUIT", "price": null, "price_calculation": null, "category": "Liquor"},
{"title": "Continental Chicken Noodle Soup Serves 4 | 45g", "price": "$1.20", "price_calculation": "$2.67 per 100g", "category": "Pantry"},
{"title": "TOOHEYS TOOHEYS EXTRA DRY 8PK CAN", "price": null, "price_calculation": null, "category": "Liquor"},
{"title": "Continental Sensation Creamy Roast Chicken Spring Onion Soup Serves 2 | 61g", "price": "$1.75", "price_calculation": "$2.87 per 100g", "category": "Pantry"},
{"title": "Bad Shepherd Victoria Pale Ale Can 375mL | 24 Pack", "price": null, "price_calculation": null, "category": "Liquor"},
{"title": "Poppin Explosion Triple Butter Popcorn | 100g", "price": "$2.00", "price_calculation": "$2.00 per 100g", "category": "Pantry"},
{"title": "Pirate Life Hazy IPA Can 355mL | 16 Pack", "price": "$62.00", "price_calculation": "$10.92 per 1L", "category": "Liquor"},
{"title": "Lifesavers Cola Stix Sherbert | 200g", "price": "$2.00", "price_calculation": "$1.00 per 100g", "category": "Pantry"},
{"title": "Carlton Draught Rack Pack Bottle 750mL | 12 Pack", "price": "$76.00", "price_calculation": "$8.44 per 1L", "category": "Liquor"},
{"title": "Coles Garlic Aioli | 350g", "price": "$3.20", "price_calculation": "$0.91 per 100g", "category": "Pantry"},
{"title": "Gordons Pink & Soda Can 250mL | 24 Pack", "price": "$138.00", "price_calculation": "$23.00 per 1L", "category": "Liquor"},
{"title": "The Natural Confectionery Co. Fruity Chews Lollies | 180g", "price": "$4.00", "price_calculation": "$2.22 per 100g", "category": "Pantry"},
{"title": "ROSIE ROSIE SPRITZ ELDERFLOWER ", "price": null, "price_calculation": null, "category": "Liquor"},
{"title": "Extra White Peppermint Sugar Free Chewing Gum | 64g", "price": "$4.50", "price_calculation": "$7.03 per 100g", "category": "Pantry"},
{"title": "Bodriggy Utropia Pale Ale Can 355mL | 24 pack", "price": null, "price_calculation": null, "category": "Liquor"},
{"title": "Coles 100% Australian Sultanas | 1kg", "price": "$5.00", "price_calculation": "$5.00 per 1kg", "category": "Pantry"},
{"title": "Stone & Wood Little Dragon Ginger Beer Can 330mL | 24 Pack", "price": "$80.00", "price_calculation": null, "category": "Liquor"},
{"title": "Billson's Watermelon Vodka Mixed Drink Can 355mL | 24 Pack", "price": "$130.00", "price_calculation": "$15.26 per 1L", "category": "Liquor"},
{"title": "Smirnoff Seltzer Lime Can 250mL | 24 Pack", "price": "$132.00", "price_calculation": "$22.00 per 1L", "category": "Liquor"},
{"title": "Continental Cup A Soup Creamy Mushroom with Croutons 2 pack | 50g", "price": "$2.80", "price_calculation": "$5.60 per 100g", "category": "Bonus Cookware Credits"},
{"title": "Captain Morgan Spiced Rum & Cola 6% Can 330mL | 24 Pack", "price": "$161.00", "price_calculation": "$20.33 per 1L", "category": "Liquor"},
{"title": "Glad To Be Green Recycled Kitchen Tidy Bags Large | 22 pack", "price": "$4.00", "price_calculation": null, "category": "Bonus Cookware Credits"},
{"title": "Canadian Club Premium and Dry Can 375mL | 24 Pack", "price": "$137.00", "price_calculation": "$15.22 per 1L", "category": "Liquor"},
{"title": "Nescafe Blend 43 Smooth & Creamy Instant Coffee | 140g", "price": "$5.75", "price_calculation": "$4.11 per 100g", "category": "Bonus Cookware Credits"},
{"title": "Brown Brothers  Moscato Rose One 250mL | 250mL", "price": "$7.00", "price_calculation": "$2.80 per 100mL", "category": "Liquor"},
{"title": "Nescafe Gold Original Premium Instant Coffee | 100g", "price": "$5.75", "price_calculation": "$5.75 per 100g", "category": "Bonus Cookware Credits"},
{"title": "Tinnies Lower Sugar Ginger Beer Can 330mL | 24 Pack", "price": "$50.00", "price_calculation": "$6.31 per 1L", "category": "Liquor"},
{"title": "Colgate Advanced Whitening Toothpaste | 115g", "price": "$6.50", "price_calculation": "$5.65 per 100g", "category": "Bonus Cookware Credits"},
{"title": "Pure Blonde Cider & Soda Can 330mL | 24 Pack", "price": "$67.00", "price_calculation": "$8.46 per 1L", "category": "Liquor"},
{"title": "Perfect Italiano Perfect Bakes | 450g", "price": "$9.00", "price_calculation": "$20.00 per 1kg", "category": "Bonus Cookware Credits"},
{"title": "Rocky Jones Pink Gin 700mL | 1 Each", "price": "$72.00", "price_calculation": "$102.86 per 1L", "category": "Liquor"},
{"title": "Primo Streaky Bacon | 650g", "price": "$11.00", "price_calculation": "$16.92 per 1kg", "category": "Bonus Cookware Credits"},
{"title": "Victoria Bitter Rack Pack Bottle 750mL | 12 Pack", "price": "$74.00", "price_calculation": "$8.22 per 1L", "category": "Liquor"},
{"title": "Continental Cup A Soup Chicken With Lots of Noodles Serves 2 | 60g", "price": "$2.80", "price_calculation": "$4.67 per 100g", "category": "Bonus Cookware Credits"},
{"title": "Bundaberg Cola Bottle 640mL | 12 Pack", "price": "$113.00", "price_calculation": "$1.47 per 100mL", "category": "Liquor"},
{"title": "Uncle Tobys Roll Ups Rainbow Fruit Salad 6 Pack | 94g", "price": "$3.50", "price_calculation": "$3.72 per 100g", "category": "Bonus Cookware Credits"},
{"title": "Brown Brothers Sparkling Moscato 200mL | 1 Each", "price": "$7.00", "price_calculation": "$35.00 per 1L", "category": "Liquor"},
{"title": "Fancy Feast Classic Cat Food Gravy Lovers Beef | 85g", "price": "$1.90", "price_calculation": "$2.24 per 100g", "category": "Bonus Cookware Credits"},
{"title": "Coldstream Pilsner Can 375mL | 6 Pack", "price": "$18.00", "price_calculation": "$8.00 per 1L", "category": "Liquor"},
{"title": "Fancy Feast Classic Cat Food Chicken Feast Chunky | 85g", "price": "$1.90", "price_calculation": "$2.24 per 100g", "category": "Bonus Cookware Credits"},
{"title": "Roaring Beach Pinot Noir 750mL | 1 Each", "price": "$20.00", "price_calculation": "$26.67 per 1L", "category": "Liquor"},
{"title": "Fancy Feast Classic Cat Food Chicken Prime Fillet | 85g", "price": "$1.90", "price_calculation": "$2.24 per 100g", "category": "Bonus Cookware Credits"},
{"title": "Fancy Feast Classic Cat Food Salmon Prime Fillet | 85g", "price": "$1.90", "price_calculation": "$2.24 per 100g", "category": "Bonus Cookware Credits"},
{"title": "Glad Cling Wrap 60m x 33cm | 60m", "price": "$5.25", "price_calculation": "$0.09 per 1M", "category": "Bonus Cookware Credits"},
{"title": "Colgate Sensitive Pro Relief Multiprotection Toothpaste | 110g", "price": "$5.50", "price_calculation": "$5.00 per 100g", "category": "Bonus Cookware Credits"},
{"title": "Coles Finest By Laurent Wholemeal Sourdough Vienna | 1 each", "price": "$6.50", "price_calculation": "$6.50 per 1ea", "category": "Bonus Cookware Credits"},
{"title": "Dynamo Profession Odour Eliminator Liquid | 1.8L", "price": "$12.50", "price_calculation": "$6.94 per 1L", "category": "Bonus Cookware Credits"},
{"title": "Dove Nourishing Secrets Restoring Coconut Body Wash | 1L", "price": "$17.00", "price_calculation": "$1.70 per 100mL", "category": "Bonus Cookware Credits"},
{"title": "Continental Cup A Soup Homestyle Pumpkin Soup Serves 2 | 61g", "price": "$2.80", "price_calculation": "$4.59 per 100g", "category": "Bonus Cookware Credits"},
{"title": "Bulla Light Thickened Cream | 300mL", "price": "$3.50", "price_calculation": "$1.17 per 100mL", "category": "Bonus Cookware Credits"},
{"title": "Glad To Be Green Recycled Kitchen Tidy Bags Medium | 28 pack", "price": "$4.00", "price_calculation": null, "category": "Bonus Cookware Credits"},
{"title": "Primo Shredded Ham Twin Pack | 300g", "price": "$4.80", "price_calculation": "$16.00 per 1kg", "category": "Bonus Cookware Credits"},
{"title": "Bref Duo Cubes 2 in 1 Formula Cistern Block Toilet Cleaner 2 pack | 100g", "price": "$5.00", "price_calculation": "$5.00 per 100g", "category": "Bonus Cookware Credits"},
{"title": "Uncle Tobys Plus Iron Cereal | 710g", "price": "$8.80", "price_calculation": "$1.24 per 100g", "category": "Bonus Cookware Credits"},
{"title": "Sensodyne Sensitive Teeth Pain Daily Care + Whitening Toothpaste | 110g", "price": "$9.70", "price_calculation": "$8.82 per 100g", "category": "Bonus Cookware Credits"},
{"title": "Bulla Aussie Style Yoghurt Natural | 160g", "price": "$2.40", "price_calculation": "$1.50 per 100g", "category": "Bonus Cookware Credits"},
{"title": "Bref Blue Active Toilet Cleaner Eucalyptus | 50g", "price": "$3.50", "price_calculation": "$7.00 per 100g", "category": "Bonus Cookware Credits"},
{"title": "Colgate Triple Action Toothpaste | 165g", "price": "$3.50", "price_calculation": "$2.12 per 100g", "category": "Bonus Cookware Credits"},
{"title": "Sunrice Naturally Sushi Rice | 1kg", "price": "$3.50", "price_calculation": "$0.35 per 100g", "category": "Bonus Cookware Credits"},
{"title": "Colgate 360 Degree Medium Toothbrush | 1 pack", "price": "$5.00", "price_calculation": "$5.00 per 1ea", "category": "Bonus Cookware Credits"},
{"title": "Kettle Potato Chips Chilli | 300g", "price": "$8.00", "price_calculation": "$2.67 per 100g", "category": "Bonus Cookware Credits"},
{"title": "Perfect Italiano Original Ricotta Soft Cheese Tub | 250g", "price": "$4.80", "price_calculation": "$19.20 per 1kg", "category": "Bonus Cookware Credits"},
{"title": "Glad To Be Green Plant Bio Based Kt Bags Medium | 30 pack", "price": "$5.00", "price_calculation": "$0.17 per 1ea", "category": "Bonus Cookware Credits"},
{"title": "Coles Finest Sourdough Pane Di Casa With Sesame | 1 pack", "price": "$6.50", "price_calculation": "$6.50 per 1ea", "category": "Bonus Cookware Credits"},
{"title": "Dove Triple Moisturising Body Wash | 1L", "price": "$17.00", "price_calculation": "$1.70 per 100mL", "category": "Bonus Cookware Credits"},
{"title": "Fancy Feast Classic Cat Food Turkey Prime Fillet | 85g", "price": "$1.90", "price_calculation": "$2.24 per 100g", "category": "Bonus Cookware Credits"},
{"title": "Continental Cup A Soup Chinese Chicken & Corn With Lots of Noodles Serves 2 | 66g", "price": "$2.80", "price_calculation": "$4.24 per 100g", "category": "Bonus Cookware Credits"},
{"title": "Bulla Frozen Multi Flavoured Yoghurt Sticks 8 pack | 472g", "price": "$4.00", "price_calculation": "$0.85 per 100g", "category": "Bonus Cookware Credits"},
{"title": "Coles Finest By Laurent Rye Sourdough Vienna | 1 each", "price": "$6.50", "price_calculation": "$6.50 per 1ea", "category": "Bonus Cookware Credits"},
{"title": "Magnum Ice Cream Classic 4Pack | 428mL", "price": "$8.00", "price_calculation": "$1.87 per 100mL", "category": "Bonus Cookware Credits"},
{"title": "Coles Finest Beef With Brisket Burger | 600g", "price": "$9.00", "price_calculation": "$15.00 per 1kg", "category": "Bonus Cookware Credits"},
{"title": "Maggi Fusian Mi Goreng Soy And Mild Spice Flavour Noodles 5 Pack | 360g", "price": "$2.75", "price_calculation": "$0.76 per 100g", "category": "Bonus Cookware Credits"},
{"title": "Glad Cling Wrap | 100m", "price": "$7.00", "price_calculation": "$0.07 per 1M", "category": "Bonus Cookware Credits"},
{"title": "I&J The Finest Frozen Basa Fillets | 1kg", "price": "$9.00", "price_calculation": "$9.00 per 1kg", "category": "Bonus Cookware Credits"},
{"title": "Kettle Natives Plum & Cheddar | 150g", "price": "$3.00", "price_calculation": "$2.00 per 100g", "category": "Bonus Cookware Credits"},
{"title": "Uncle Tobys Nutritious Snacks Protein Bar Caramel & Dark Chocolate | 175g", "price": "$3.35", "price_calculation": "$1.91 per 100g", "category": "Bonus Cookware Credits"},
{"title": "Bulla Crunch Double Chocolate Ice Cream Sticks 8 pack | 631mL", "price": "$4.00", "price_calculation": "$0.63 per 100mL", "category": "Bonus Cookware Credits"},
{"title": "Coles Finest Italian Style Pork Sausages | 500g", "price": "$8.00", "price_calculation": "$16.00 per 1kg", "category": "Bonus Cookware Credits"},
{"title": "Uncle Tobys Yoghurt Muesli Bars Strawberry 6 Pack | 185g", "price": "$3.50", "price_calculation": "$1.89 per 100g", "category": "Bonus Cookware Credits"},
{"title": "Colgate Plax Fresh Mint Mouthwash | 500mL", "price": "$3.50", "price_calculation": "$0.70 per 100mL", "category": "Bonus Cookware Credits"},
{"title": "Colgate Kids Mild Mint Minions Toothpaste | 90g", "price": "$2.10", "price_calculation": "$2.33 per 100g", "category": "Bonus Cookware Credits"},
{"title": "Tamar Valley Kids Greek Vanilla Yoghurt Pouch | 110g", "price": "$2.40", "price_calculation": "$2.18 per 100g", "category": "Bonus Cookware Credits"},
{"title": "Colgate 360 Degree Value Pack Medium Toothbrush | 2 pack", "price": "$4.00", "price_calculation": "$2.00 per 1ea", "category": "Bonus Cookware Credits"},
{"title": "Bulla Crunch Multi Flavoured Ice Cream Sticks 8 pack | 631mL", "price": "$4.00", "price_calculation": "$0.63 per 100mL", "category": "Bonus Cookware Credits"},
{"title": "Bulla Frozen Variety Minis Yoghurt  14 pack | 506g", "price": "$4.00", "price_calculation": "$0.79 per 100g", "category": "Bonus Cookware Credits"},
{"title": "Uncle Tobys Cheerios Honey Multigrain Cereal | 570g", "price": "$7.50", "price_calculation": "$1.32 per 100g", "category": "Bonus Cookware Credits"},
{"title": "Dove Glowing Mango Body wash | 1L", "price": "$17.00", "price_calculation": "$1.70 per 100mL", "category": "Bonus Cookware Credits"},
{"title": "Fancy Feast Classic Cat Food Tuna Prime Fillet | 85g", "price": "$1.90", "price_calculation": "$2.24 per 100g", "category": "Bonus Cookware Credits"},
{"title": "U by Kotex Sport Liners | 30 pack", "price": "$2.10", "price_calculation": "$0.07 per 1ea", "category": "Bonus Cookware Credits"},
{"title": "Tamar Valley Kids Greek Natural Raspberry Yoghurt Pouch | 110g", "price": "$2.40", "price_calculation": "$2.18 per 100g", "category": "Bonus Cookware Credits"},
{"title": "Colgate Great Regular Flavour Toothpaste | 180g", "price": "$3.50", "price_calculation": "$1.94 per 100g", "category": "Bonus Cookware Credits"},
{"title": "Vanish Preen Pre Wash Oxyaction Stain Remover | 375mL", "price": "$3.50", "price_calculation": "$9.33 per 1L", "category": "Bonus Cookware Credits"},
{"title": "Lindt Lindor Assorted Chocolate Balls Gift Box | 235g", "price": "$10.00", "price_calculation": "$4.26 per 100g", "category": "Bonus Cookware Credits"},
{"title": "Sanitarium Up&Go Liquid Breakfast Chocolate Ice Fridge Pack 12X250mL | 3L", "price": "$14.50", "price_calculation": "$4.83 per 1L", "category": "Bonus Cookware Credits"},
{"title": "Dove Nourishing Body Wash Fresh Touch | 1L", "price": "$17.00", "price_calculation": "$1.70 per 100mL", "category": "Bonus Cookware Credits"},
{"title": "Bulla Aussie Style Yoghurt Vanilla | 160g", "price": "$2.40", "price_calculation": "$1.50 per 100g", "category": "Bonus Cookware Credits"},
{"title": "Philadelphia Light Cream Cheese Tub | 250g", "price": "$5.70", "price_calculation": "$22.80 per 1kg", "category": "Bonus Cookware Credits"},
{"title": "Perfect Italiano Parmesan Cheese Block | 200g", "price": "$7.00", "price_calculation": "$35.00 per 1kg", "category": "Bonus Cookware Credits"},
{"title": "Magnum Ice Cream Almond 4Pack | 428mL", "price": "$8.00", "price_calculation": "$1.87 per 100mL", "category": "Bonus Cookware Credits"},
{"title": "Dove Beauty Bar Regular | 2 pack", "price": "$2.94", "price_calculation": "$1.47 per 1ea", "category": "Bonus Cookware Credits"},
{"title": "Uncle Tobys Rainbow Berry Berry Roll Ups | 94g", "price": "$3.50", "price_calculation": "$3.72 per 100g", "category": "Bonus Cookware Credits"},
{"title": "Bulla Crunch Vanilla Ice Cream 8 pack | 631mL", "price": "$4.00", "price_calculation": "$0.63 per 100mL", "category": "Bonus Cookware Credits"},
{"title": "Colgate Advanced Whitening Toothpaste  | 200g", "price": "$5.00", "price_calculation": "$2.50 per 100g", "category": "Bonus Cookware Credits"},
{"title": "Uncle Tobys Vita Brits Cereal | 1kg", "price": "$6.00", "price_calculation": "$0.60 per 100g", "category": "Bonus Cookware Credits"},
{"title": "Perfect Italiano Shredded Mozzarella | 250g", "price": "$6.50", "price_calculation": "$26.00 per 1kg", "category": "Bonus Cookware Credits"},
{"title": "Coles Finest Sausages Beef Garlic Parsley | 500g", "price": "$8.00", "price_calculation": "$16.00 per 1kg", "category": "Bonus Cookware Credits"},
{"title": "Colgate Plax Fresh Mint Mouth Wash | 1L", "price": "$12.00", "price_calculation": "$1.20 per 100mL", "category": "Bonus Cookware Credits"},
{"title": "Fancy Feast Classic Cat Food Oceanfish Fillet | 85g", "price": "$1.90", "price_calculation": "$2.24 per 100g", "category": "Bonus Cookware Credits"},
{"title": "Fancy Feast Classic Savoury Salmon Cat Food | 85g", "price": "$1.90", "price_calculation": "$2.24 per 100g", "category": "Bonus Cookware Credits"},
{"title": "Bulla Light Sour Cream | 200mL", "price": "$3.70", "price_calculation": "$1.85 per 100mL", "category": "Bonus Cookware Credits"},
{"title": "Maggi Fusian Mi Goreng Hot And Spicy Flavour Noodles 5 Pack | 365g", "price": "$2.75", "price_calculation": "$0.75 per 100g", "category": "Bonus Cookware Credits"},
{"title": "Coles Finest By Laurent Toasted Sesame Pane Di Casa Roll | 3 pack", "price": "$3.50", "price_calculation": "$1.17 per 1ea", "category": "Bonus Cookware Credits"},
{"title": "Tamar Valley Kids Greek Strawberry Yoghurt Pouch | 110g", "price": "$2.40", "price_calculation": "$2.18 per 100g", "category": "Bonus Cookware Credits"},
{"title": "Maggi 2 Minute Noodles Chicken Single Cup | 60g", "price": "$2.50", "price_calculation": "$4.17 per 100g", "category": "Bonus Cookware Credits"},
{"title": "Continental Cup A Soup Creamy Chicken with Croutons Serves 2 | 60g", "price": "$2.80", "price_calculation": "$4.67 per 100g", "category": "Bonus Cookware Credits"},
{"title": "Colgate Advanced Whitening Charcoal Toothpaste | 180g", "price": "$5.00", "price_calculation": "$2.78 per 100g", "category": "Bonus Cookware Credits"},
{"title": "Glad To Be Green Compostable Kitchen Liners Mini | 25 pack", "price": "$4.40", "price_calculation": "$0.18 per 1ea", "category": "Bonus Cookware Credits"},
{"title": "Tamar Valley Kids Greek Blueberry Yoghurt Pouch | 110g", "price": "$2.40", "price_calculation": "$2.18 per 100g", "category": "Bonus Cookware Credits"},
{"title": "Dynamo Profession Oxi Plus Laundry Liquid | 1.8L", "price": "$12.50", "price_calculation": "$6.94 per 1L", "category": "Bonus Cookware Credits"},
{"title": "Bulla Aussie Style Yoghurt Strawberry | 160g", "price": "$2.40", "price_calculation": "$1.50 per 100g", "category": "Bonus Cookware Credits"},
{"title": "Uncle Tobys Chewy Bars Choc Chip | 185g", "price": "$3.50", "price_calculation": "$1.89 per 100g", "category": "Bonus Cookware Credits"},
{"title": "Wonder White Bread + Vitamins & Mineral | 700g", "price": "$4.40", "price_calculation": "$0.63 per 100g", "category": "Bonus Cookware Credits"},
{"title": "Perfect Italiano Extra Sharp Parmesan | 200g", "price": "$7.00", "price_calculation": "$35.00 per 1kg", "category": "Bonus Cookware Credits"},
{"title": "Continental Cup A Soup Asian Laksa Serves 2 | 65g", "price": "$2.80", "price_calculation": "$4.31 per 100g", "category": "Bonus Cookware Credits"},
{"title": "Colgate Total Advanced Fresh Toothpaste | 115g", "price": "$6.50", "price_calculation": "$5.65 per 100g", "category": "Bonus Cookware Credits"},
{"title": "Golden Circle 100% Orange Juice No Added Sugar Fruit Juices Oj | 2L", "price": "$3.50", "price_calculation": "$1.75 per 1L", "category": "Bonus Cookware Credits"},
{"title": "Perfect Italiano Dairy Cheese Grated Mozzarella:Mozzarella | 450g", "price": "$9.00", "price_calculation": "$20.00 per 1kg", "category": "Bonus Cookware Credits"},
{"title": "Continental Sensations Harvest Pumpkin & Sour Cream Soup Serves 2 | 70g", "price": "$1.75", "price_calculation": "$2.50 per 100g", "category": "Bonus Cookware Credits"},
{"title": "Primo Short Cut Bacon | 200g", "price": "$5.00", "price_calculation": "$25.00 per 1kg", "category": "Bonus Cookware Credits"},
{"title": "Philadelphia Soft Cream Cheese Tub | 250g", "price": "$5.70", "price_calculation": "$22.80 per 1kg", "category": "Bonus Cookware Credits"},
{"title": "Continental Chicken Noodle Soup Serves 4 | 45g", "price": "$1.20", "price_calculation": "$2.67 per 100g", "category": "Bonus Cookware Credits"},
{"title": "Continental Sensation Creamy Roast Chicken Spring Onion Soup Serves 2 | 61g", "price": "$1.75", "price_calculation": "$2.87 per 100g", "category": "Bonus Cookware Credits"},
{"title": "Bulla Splits Multi Flavoured Ice Cream Sticks 10 pack | 750mL", "price": "$4.00", "price_calculation": "$0.53 per 100mL", "category": "Bonus Cookware Credits"},
{"title": "Colgate Max Fresh Coolmint Toothpaste | 115g", "price": "$6.50", "price_calculation": "$5.65 per 100g", "category": "Bonus Cookware Credits"},
{"title": "Bulla Aussie Style Mango | 160g", "price": "$2.40", "price_calculation": "$1.50 per 100g", "category": "Bonus Cookware Credits"},
{"title": "Dynamo Profession 7 In 1 Laundry Liquid | 1.8L", "price": "$12.50", "price_calculation": "$6.94 per 1L", "category": "Bonus Cookware Credits"},
{"title": "Tamar Valley Kids Natural Greek Tropical Yoghurt Pouch | 110g", "price": "$2.40", "price_calculation": "$2.18 per 100g", "category": "Bonus Cookware Credits"},
{"title": "Uncle Tobys Cheerios Multigrains Cereal | 580g", "price": "$7.50", "price_calculation": "$1.29 per 100g", "category": "Bonus Cookware Credits"},
{"title": "Nescafe Blend 43 Instant Coffee | 500g", "price": "$26.00", "price_calculation": "$5.20 per 100g", "category": "Bonus Cookware Credits"},
{"title": "Tamar Valley Kids Greek Pouch Yoghurt | 110g", "price": "$2.40", "price_calculation": "$2.18 per 100g", "category": "Bonus Cookware Credits"},
{"title": "Sunrice Basmati Rice Cup 2 pack | 240g", "price": "$2.40", "price_calculation": "$1.00 per 100g", "category": "Bonus Cookware Credits"},
{"title": "Continental Cup A Soup Italian Minestrone Serves 2 | 75g", "price": "$2.80", "price_calculation": "$3.73 per 100g", "category": "Bonus Cookware Credits"},
{"title": "Primo Dairy Short Cut Rindless Bacon | 750g", "price": "$11.00", "price_calculation": "$14.67 per 1kg", "category": "Bonus Cookware Credits"},
{"title": "Vanish Napisan Gold Multi Power Stain Remover & Laundry Booster Powder | 3kg", "price": "$21.00", "price_calculation": "$7.00 per 1kg", "category": "Bonus Cookware Credits"},
{"title": "Continental Sensation Cheesy Broccoli & Potato Soup Serves 2 | 56g", "price": "$1.75", "price_calculation": "$3.13 per 100g", "category": "Bonus Cookware Credits"},
{"title": "Maggi 2 Minute Chicken Flavour Noodles 12 Pack | 864g", "price": "$10.00", "price_calculation": "$1.16 per 100g", "category": "Bonus Cookware Credits"},
{"title": "Sunrice Jasmine Rice Cup 2 pack | 250g", "price": "$2.40", "price_calculation": "$0.96 per 100g", "category": "Bonus Cookware Credits"},
{"title": "Colgate Total Advanced Whitening Toothpaste | 115g", "price": "$6.50", "price_calculation": "$5.65 per 100g", "category": "Bonus Cookware Credits"},
{"title": "Magnum Ice Cream Mini Classic 6Pack | 360mL", "price": "$8.00", "price_calculation": "$2.22 per 100mL", "category": "Bonus Cookware Credits"},
{"title": "Colgate 360 Degree Value Pack Soft Toothbrush | 2 pack", "price": "$4.00", "price_calculation": "$2.00 per 1ea", "category": "Bonus Cookware Credits"},
{"title": "Olay Luminous Niacinamide Honey Peptide Moisturiser | 50g", "price": "$60.00", "price_calculation": "$120.00 per 100g", "category": "Health & Beauty"},
{"title": "Olay Luminous Niacinamide Honey Peptide Super Serum | 30mL", "price": "$60.00", "price_calculation": "$200.01 per 100mL", "category": "Health & Beauty"},
{"title": "Olay Regenerist Micro Sculpting Face Cream | 50g", "price": "$60.00", "price_calculation": "$120.00 per 100g", "category": "Health & Beauty"},
{"title": "Olay Regenerist Serum Micro Sculpting | 50mL", "price": "$60.00", "price_calculation": "$120.00 per 100mL", "category": "Health & Beauty"},
{"title": "Olay Regenerist Cream Micro Scultping Fragrance Free | 48g", "price": "$60.00", "price_calculation": "$125.00 per 100g", "category": "Health & Beauty"},
{"title": "Gillette Fusion Proshield Razor Blades | 8 pack", "price": "$63.00", "price_calculation": "$7.88 per 1ea", "category": "Health & Beauty"},
{"title": "Gillette Labs Razor 5Up With Travel Case | 1 each", "price": "$65.00", "price_calculation": "$65.00 per 1ea", "category": "Health & Beauty"},
{"title": "Gillette Proglide Razor Blades Refill | 10 pack", "price": "$69.00", "price_calculation": "$6.90 per 1ea", "category": "Health & Beauty"},
{"title": "Nicorette Quit Smoking QuickMist Nicotine Mouth Spray Freshmint | 2 pack", "price": "$70.00", "price_calculation": "$35.00 per 1ea", "category": "Health & Beauty"},
{"title": "Nicorette Quit Smoking QuickMist Nicotine Mouth Spray Cool Berry | 2 pack", "price": "$70.00", "price_calculation": "$265.15 per 100mL", "category": "Health & Beauty"},
{"title": "Nicorette Quickmist Smart Track | 2 pack", "price": "$70.00", "price_calculation": "$35.00 per 1ea", "category": "Health & Beauty"},
{"title": "Oral B Pro100 Frozen Or Star Wars Travel Case | 1 pack", "price": "$80.00", "price_calculation": "$80.00 per 1ea", "category": "Health & Beauty"},
{"title": "Piksters Hydropik Mini Water Flosser | 1 pack", "price": "$100.00", "price_calculation": "$100.00 per 1ea", "category": "Health & Beauty"},
{"title": "Braun Silk Epil 5 Legs Epilator | 1 pack", "price": "$109.00", "price_calculation": "$109.00 per 1ea", "category": "Health & Beauty"},
{"title": "Braun 310 Face & Head Trimming Kit 6 In 1 | 1 pack", "price": "$129.00", "price_calculation": "$129.00 per 1ea", "category": "Health & Beauty"},
{"title": "Oral B Pro 1500 Electric Toothbrush With Travel Case | 1 pack", "price": "$130.00", "price_calculation": "$130.00 per 1ea", "category": "Health & Beauty"},
{"title": "Oral B Floss Action Electric Toothbrush Refill | 15 pack", "price": "$136.00", "price_calculation": "$9.07 per 1ea", "category": "Health & Beauty"},
{"title": "Oral B Smart 1 Electric Toothbrush | 1 pack", "price": "$150.00", "price_calculation": "$150.00 per 1ea", "category": "Health & Beauty"},
{"title": "Oral B Io Electric Toothbrush Blue With White Refill | 1 pack", "price": "$199.00", "price_calculation": "$199.00 per 1ea", "category": "Health & Beauty"},
{"title": "Continental Sensations 2s Soup Farmhouse Potato & Leek | 60g", "price": "$1.75", "price_calculation": "$2.92 per 100g", "category": "Bonus Cookware Credits"},
{"title": "Heinz Canned Baked Beans Tomato Sauce | 300g", "price": "$2.20", "price_calculation": "$7.33 per 1kg", "category": "Bonus Cookware Credits"},
{"title": "Coles Dental Stick Daily Oral Care Dog Treat | 7 pack", "price": "$3.00", "price_calculation": "$0.43 per 1ea", "category": "Pet"},
{"title": "Continental Cup A Soup Dutch Curry With Rice Serves 2 | 55g", "price": "$2.80", "price_calculation": "$5.09 per 100g", "category": "Bonus Cookware Credits"},
{"title": "Farmers Market Adult Wet Dog Food Lamb Stew With Vegetables and Brown Rice | 400g", "price": "$3.50", "price_calculation": "$0.88 per 100g", "category": "Pet"},
{"title": "Tamar Valley Natural 99.85% Fat Free Yoghurt | 1kg", "price": "$8.00", "price_calculation": "$0.80 per 100g", "category": "Bonus Cookware Credits"},
{"title": "Farmers Market Adult Wet Dog Food Chicken Stew With Vegetables and Brown Rice | 400g", "price": "$3.50", "price_calculation": "$0.88 per 100g", "category": "Pet"},
{"title": "Dove Rejuvenate Pomegranate Body Wash | 1L", "price": "$17.00", "price_calculation": "$1.70 per 100mL", "category": "Bonus Cookware Credits"},
{"title": "Nature's Gift Mini Dog Treats Kangaroo | 130g", "price": "$3.50", "price_calculation": "$2.69 per 100g", "category": "Pet"},
{"title": "Kettle Chilli Potato Chips  | 70g", "price": "$1.70", "price_calculation": "$2.43 per 100g", "category": "Bonus Cookware Credits"},
{"title": "Prime Pantry Nibbles Cat Treat Chicken | 40g", "price": "$4.30", "price_calculation": "$10.75 per 100g", "category": "Pet"},
{"title": "Lindt Les Grandes Milk chocolate & Hazelnut Block | 150g", "price": "$4.20", "price_calculation": "$2.80 per 100g", "category": "Bonus Cookware Credits"},
{"title": "Woofin Good Kangaroo Jerky Strips Dog Treat | 100g", "price": "$5.00", "price_calculation": "$5.00 per 100g", "category": "Pet"},
{"title": "Bulla Sour Cream | 400mL", "price": "$5.50", "price_calculation": "$1.38 per 100g", "category": "Bonus Cookware Credits"},
{"title": "Trill Bird Seed Cockatiel Mix | 1.8Kg", "price": "$6.00", "price_calculation": null, "category": "Pet"},
{"title": "Kettle Sweet Potato Chips Sea Salt | 135g", "price": "$6.00", "price_calculation": "$4.44 per 100g", "category": "Bonus Cookware Credits"},
{"title": "Fancy Feast Royale Broths Tuna Surimi & Prawn Cat Food 4x40g | 4 pack", "price": "$6.00", "price_calculation": "$3.75 per 100g", "category": "Pet"},
{"title": "Perfect Italiano Grated Cheese Perfect Pizza | 250g", "price": "$6.50", "price_calculation": "$26.00 per 1kg", "category": "Bonus Cookware Credits"},
{"title": "Woofin Good Beef Jerky Dog Treat | 100g", "price": null, "price_calculation": null, "category": "Pet"},
{"title": "Primo Classic Chorizo 2 Pack | 250g", "price": "$7.30", "price_calculation": "$29.20 per 1kg", "category": "Bonus Cookware Credits"},
{"title": "Applaws Fish Selection In Jelly Cat Food Pouch | 5 pack", "price": "$7.25", "price_calculation": "$2.90 per 100g", "category": "Pet"},
{"title": "Colgate Sensitive Multiprotection Toothpaste | 110g", "price": "$9.00", "price_calculation": "$8.18 per 100g", "category": "Bonus Cookware Credits"},
{"title": "Peters Alfalfa & Fruit Rabbit & Guinea Pig Food | 2kg", "price": "$7.40", "price_calculation": "$0.37 per 100g", "category": "Pet"},
{"title": "Coles Finest By Laurent Traditional Brioche Burger Buns | 2 pack", "price": "$2.70", "price_calculation": "$1.35 per 1ea", "category": "Bonus Cookware Credits"},
{"title": "Wag Single Ingredient Beef Jerky Dog Treat | 100g", "price": "$7.50", "price_calculation": "$7.50 per 100g", "category": "Pet"},
{"title": "Kettle Natives Lemon Myrtle & Chicken 12 pack | 150g", "price": "$3.00", "price_calculation": "$2.00 per 100g", "category": "Bonus Cookware Credits"},
{"title": "Optimum Dog Food Chicken And Rice | 6 pack", "price": "$8.00", "price_calculation": "$1.33 per 100g", "category": "Pet"},
{"title": "Bref Power Active Toilet Cleaner Lemon | 50g", "price": "$3.50", "price_calculation": "$7.00 per 100g", "category": "Bonus Cookware Credits"},
{"title": "Optimum Dog Food Lamb And Rice | 6 pack", "price": "$8.00", "price_calculation": "$1.33 per 100g", "category": "Pet"},
{"title": "Primo Streaky Rindless Bacon | 200g", "price": "$5.00", "price_calculation": "$25.00 per 1kg", "category": "Bonus Cookware Credits"},
{"title": "Optimum Dog Food Salmon And Rice 6x100g | 6 pack", "price": "$8.00", "price_calculation": "$1.33 per 100g", "category": "Pet"},
{"title": "Colgate Total Original Toothpaste | 115g", "price": "$4.00", "price_calculation": "$3.48 per 100g", "category": "Bonus Cookware Credits"},
{"title": "Fussy Cat Grain Free Twice as Tasty Adult Wet Cat Food Bites & Chicken Gravy 12x80gm | 12 pack", "price": "$9.45", "price_calculation": "$0.98 per 100g", "category": "Pet"},
{"title": "Colgate 360 Degree Soft Toothbrush | 1 pack", "price": "$5.00", "price_calculation": "$5.00 per 1ea", "category": "Bonus Cookware Credits"},
{"title": "Fussy Cat Fish Lovers Cat Food Pouch 12x80g | 12 pack", "price": "$9.45", "price_calculation": "$0.98 per 100g", "category": "Pet"},
{"title": "Uncle Tobys Oats Quick Sachets Breakfast Cereal Creamy Honey Big Bowl | 368g", "price": "$5.80", "price_calculation": "$1.58 per 100g", "category": "Bonus Cookware Credits"},
{"title": "Fussy Cat Kitten Cat Food Pouch 12x80g | 12 pack", "price": "$9.45", "price_calculation": "$0.98 per 100g", "category": "Pet"},
{"title": "Sanitarium Up&Go Liquid Breakfast Vanilla Ice Fridge Pack 12X250mL | 3L", "price": "$14.50", "price_calculation": "$4.83 per 1L", "category": "Bonus Cookware Credits"},
{"title": "My Dog Classic Loaf With Tender Chicken 6X100G Wet Dog Food | 6 pack", "price": "$9.50", "price_calculation": "$1.58 per 100g", "category": "Pet"},
{"title": "Coles Finest Dark Almond Belgian Block | 100g", "price": "$2.50", "price_calculation": "$2.50 per 100g", "category": "Bonus Cookware Credits"},
{"title": "My Dog Adult Wet Dog Food Select Toppings With Tender Chicken & Cheese 6x100G Trays | 6 pack", "price": "$9.50", "price_calculation": "$1.58 per 100g", "category": "Pet"},
{"title": "Uncle Toby's Milo Chewy Muesli Bar | 185g", "price": "$3.50", "price_calculation": "$1.89 per 100g", "category": "Bonus Cookware Credits"},
{"title": "Schmackos Marrowbones Dog Treats | 737g", "price": "$10.00", "price_calculation": "$1.36 per 100g", "category": "Pet"},
{"title": "Glad Medium Wavetop Kitchen Tidy Bags | 40 pack", "price": "$4.25", "price_calculation": "$0.11 per 1ea", "category": "Bonus Cookware Credits"},
{"title": "Pedigree Dry Dog Food Beef & Vegetables | 3kg", "price": "$11.00", "price_calculation": "$0.37 per 100g", "category": "Pet"},
{"title": "Colgate Total Charcoal Deep Clean Multi Benefit Toothpaste | 115g", "price": "$6.50", "price_calculation": "$5.65 per 100g", "category": "Bonus Cookware Credits"},
{"title": "Whiskas Favourites Beef In Jelly Cat Food 12x85g | 12 pack", "price": "$12.00", "price_calculation": "$1.18 per 100g", "category": "Pet"},
{"title": "Philadelphia Dairy Cream Cheese Original Block 2 Pack | 500g", "price": "$10.00", "price_calculation": "$20.00 per 1kg", "category": "Bonus Cookware Credits"},
{"title": "Whiskas Favourites Tuna In Jelly Cat Food 12x85g | 12 pack", "price": "$12.00", "price_calculation": "$1.18 per 100g", "category": "Pet"},
{"title": "Sunrice Long Grain White Rice Cup 2 pack | 250g", "price": "$2.40", "price_calculation": "$0.96 per 100g", "category": "Bonus Cookware Credits"},
{"title": "Dine Classic Collection Pouch Cat Food Fish Selection In Jelly 12x85g | 12 pack", "price": "$12.00", "price_calculation": "$1.18 per 100g", "category": "Pet"},
{"title": "Maggi Fusian Soupy Thai Tom Yum Flavour Noodles 5 Pack | 400g", "price": "$2.75", "price_calculation": "$0.69 per 100g", "category": "Bonus Cookware Credits"},
{"title": "Whiskas Chicken & Turkey Adult Dry Cat Food | 1.8kg", "price": "$14.00", "price_calculation": "$0.78 per 100g", "category": "Pet"},
{"title": "Glad Cling Wrap 30m X 33cm | 30m", "price": "$3.25", "price_calculation": "$0.11 per 1M", "category": "Bonus Cookware Credits"},
{"title": "Temptations Tasty Chicken Cat Treat | 350g", "price": "$14.00", "price_calculation": "$4.00 per 100g", "category": "Pet"},
{"title": "Golden Circle 100 Percent Apple Blackcurrant Juice | 2L", "price": "$3.50", "price_calculation": "$1.75 per 1L", "category": "Bonus Cookware Credits"},
{"title": "Felix Sensations Sauce Meat Selection Cat Food 85g | 12 pack", "price": "$14.50", "price_calculation": "$1.42 per 100g", "category": "Pet"},
{"title": "Finish Regular Rinse Aid For Drier & Shinier Dishes | 250mL", "price": "$4.00", "price_calculation": "$1.60 per 100mL", "category": "Bonus Cookware Credits"},
{"title": "Breeder's Choice Plus Probiotic Cat Litter | 9L", "price": "$15.00", "price_calculation": "$1.67 per 1L", "category": "Pet"},
{"title": "Sanitarium Up&Go Liquid Breakfast Chocolate Ice 3X250mL | 750mL", "price": "$5.20", "price_calculation": "$6.93 per 1L", "category": "Bonus Cookware Credits"},
{"title": "Purina Dentalife Chewy Dog Treat Small/Medium | 25 pack", "price": "$17.30", "price_calculation": "$0.69 per 1ea", "category": "Pet"},
{"title": "Colgate Total Original Toothpaste | 200g", "price": "$5.50", "price_calculation": "$2.75 per 100g", "category": "Bonus Cookware Credits"},
{"title": "Supercoat Adult With Beef Dry Dog Food | 2.8kg", "price": "$18.00", "price_calculation": "$0.64 per 100g", "category": "Pet"},
{"title": "Uncle Toby's Cheerios Low Sugar | 510g", "price": "$7.50", "price_calculation": "$1.47 per 100g", "category": "Bonus Cookware Credits"},
{"title": "Optimum Grainfree Dry Cat Food Sensitive Oceanfish | 1.8kg", "price": "$19.00", "price_calculation": "$1.06 per 100g", "category": "Pet"},
{"title": "Maggi 2 Minute Noodles Chicken Cup 4 Pack | 240g", "price": "$8.00", "price_calculation": "$3.33 per 100g", "category": "Bonus Cookware Credits"},
{"title": "Optimum Adult Toy / Small Breed With Chicken Vegetables & Rice Dry Dog Food | 3kg", "price": "$22.00", "price_calculation": "$0.73 per 100g", "category": "Pet"},
{"title": "Uncle Tobys Plus Antioxidant Cereal | 765g", "price": "$8.80", "price_calculation": "$1.15 per 100g", "category": "Bonus Cookware Credits"},
{"title": "Whiskas 1+ Mixed Favourites In Jelly Cat Food 24x85g | 24 pack", "price": "$24.00", "price_calculation": "$1.18 per 100g", "category": "Pet"},
{"title": "Colgate Sensitive Whitening Toothpaste | 110g", "price": "$9.00", "price_calculation": "$8.18 per 100g", "category": "Bonus Cookware Credits"},
{"title": "Optimum Puppy Chicken Dry Dog Food | 7kg", "price": "$33.50", "price_calculation": "$0.48 per 100g", "category": "Pet"},
{"title": "Coles Finest Carbon Neutral Beef Mince | 500g", "price": "$10.50", "price_calculation": "$21.00 per 1kg", "category": "Bonus Cookware Credits"},
{"title": "Pet Treat Bar Kangaroo Tail Disks | approx 100g", "price": "$6.00", "price_calculation": "$60.00 per 1kg", "category": "Pet"},
{"title": "Fancy Feast Creamy Delights With Pate Chicken Cat Food | 85g", "price": "$1.90", "price_calculation": "$2.24 per 100g", "category": "Bonus Cookware Credits"},
{"title": "Pet Treat Bar Inner Health Dog Biscuits | approx 100g", "price": "$6.00", "price_calculation": "$60.00 per 1kg", "category": "Pet"},
{"title": "Bulla Splits Summer Splits 10 Pack | 750mL", "price": "$4.00", "price_calculation": "$0.53 per 100mL", "category": "Bonus Cookware Credits"},
{"title": "Pet Treat Bar Veggie Booster Chew | approx 100g", "price": "$6.00", "price_calculation": "$60.00 per 1kg", "category": "Pet"},
{"title": "Philadelphia Portions Cream Cheese Original Spread | 150g", "price": "$4.00", "price_calculation": "$26.67 per 1kg", "category": "Bonus Cookware Credits"},
{"title": "Farmers Market Grain Free Adult Wet Cat Food Chicken Mousse With Shredded Tuna and Veg | 80g", "price": "$1.10", "price_calculation": "$1.38 per 100g", "category": "Pet"},
{"title": "Uncle Tobys Le Snak Tasty Cheese 6 Pack | 132g", "price": "$5.00", "price_calculation": "$3.79 per 100g", "category": "Bonus Cookware Credits"},
{"title": "Farmers Market Grain Free Adult Wet Cat Food Tuna Mousse With Chicken and Veg | 80g", "price": "$1.10", "price_calculation": "$1.38 per 100g", "category": "Pet"},
{"title": "Colgate Sensitive Pro Relief Whitening Toothpaste | 110g", "price": "$5.50", "price_calculation": "$5.00 per 100g", "category": "Bonus Cookware Credits"},
{"title": "My Dog Select Toppings With Juicy Lamb & Garden Vegetables Adult Wet Dog Food | 100g", "price": "$1.70", "price_calculation": "$1.70 per 100g", "category": "Pet"},
{"title": "Optimum Grain Free Lamb & Green Beans Wet Dog Food Trays | 85g", "price": "$1.80", "price_calculation": "$2.12 per 100g", "category": "Pet"},
{"title": "Fancy Feast Royale Broths Tuna Surimi Prawn Cat Food | 40g", "price": "$1.90", "price_calculation": "$4.75 per 100g", "category": "Pet"},
{"title": "Optimum Urinary Care 1+ Years Chunks In Jelly With Ocean Fish Grainfree Cat Food Pouch | 85g", "price": "$2.10", "price_calculation": "$2.47 per 100g", "category": "Pet"},
{"title": "Dine Desire Tuna Slices in Jus Grain Free Wet Cat Food Can | 85g", "price": "$2.30", "price_calculation": "$2.71 per 100g", "category": "Pet"},
{"title": "Fancy Feast Royale Tuna Shrimp Cat Food | 85g", "price": "$2.30", "price_calculation": "$2.71 per 100g", "category": "Pet"},
{"title": "Nivea Hydrocare Moisturising Lip Balm + Shea Butter & SPF15 | 4.8g", "price": "$3.50", "price_calculation": "$72.92 per 100g", "category": "Health & Beauty"},
{"title": "Dettol Antibacterial Foam Hand Wash Pump Rose and Cherry | 250mL", "price": "$3.50", "price_calculation": "$1.40 per 100mL", "category": "Health & Beauty"},
{"title": "Nivea Black And White Clear Invisible Roll On Antiperspirant Deodorant | 50mL", "price": "$3.69", "price_calculation": "$7.38 per 100mL", "category": "Health & Beauty"},
{"title": "OC Naturals Normal Balance Shampoo | 400mL", "price": "$3.70", "price_calculation": "$0.93 per 100mL", "category": "Health & Beauty"},
{"title": "Tena Standard Length Liners Incontinence | 30 pack", "price": "$3.85", "price_calculation": "$0.13 per 1ea", "category": "Health & Beauty"},
{"title": "Band-Aid Tough Strips | 40 pack", "price": "$4.80", "price_calculation": "$0.12 per 1ea", "category": "Health & Beauty"},
{"title": "Palmolive Gold Soap | 4 pack", "price": "$5.00", "price_calculation": "$1.39 per 100g", "category": "Health & Beauty"},
{"title": "Carefree Barely There Unscented Panty Liners | 42 pack", "price": "$5.00", "price_calculation": "$11.91 per 100ea", "category": "Health & Beauty"},
{"title": "Nivea Black & White Clear Invisible Aerosol Antiperspirant Deodorant | 250mL", "price": "$5.95", "price_calculation": "$2.38 per 100mL", "category": "Health & Beauty"},
{"title": "Palmolive Men Active Shower Gel | 1L", "price": "$6.00", "price_calculation": "$0.60 per 100mL", "category": "Health & Beauty"},
{"title": "Hismile Toothpaste Peach Iced | 60g", "price": "$6.50", "price_calculation": "$10.83 per 100g", "category": "Health & Beauty"},
{"title": "Poise Pads For Bladder Leaks Regular | 16 pack", "price": "$7.00", "price_calculation": "$0.44 per 1ea", "category": "Health & Beauty"},
{"title": "Poise Pads For Bladder Leaks Extra Plus | 20 pack", "price": "$11.80", "price_calculation": "$0.59 per 1ea", "category": "Health & Beauty"},
{"title": "Sensodyne Sensitive Teeth Pain Repair & Protect Fluoride Toothpaste | 100g", "price": "$12.30", "price_calculation": "$12.30 per 100g", "category": "Health & Beauty"},
{"title": "Coles Toothbrush Case | 1 pack", "price": "$1.00", "price_calculation": "$1.00 per 1ea", "category": "Health & Beauty"},
{"title": "Nature's Organics Fruits Apple Fresh Shampoo | 500mL", "price": "$2.00", "price_calculation": "$0.40 per 100mL", "category": "Health & Beauty"},
{"title": "Coles Extra Pads Regular With Wings | 16 pack", "price": "$2.20", "price_calculation": "$0.14 per 1ea", "category": "Health & Beauty"},
{"title": "Natures Commonscents Goats Milk Soap | 100g", "price": "$2.20", "price_calculation": "$2.20 per 100g", "category": "Health & Beauty"},
{"title": "Elastoplast Flexible Fabric Strips | 40 pack", "price": "$4.80", "price_calculation": "$0.12 per 1ea", "category": "Health & Beauty"},
{"title": "Dettol Soap Bar Citrus Fresh | 3 pack", "price": "$4.90", "price_calculation": "$1.63 per 1ea", "category": "Health & Beauty"},
{"title": "Carefree Breathable Unscented Panty Liners | 48 pack", "price": "$5.50", "price_calculation": "$11.46 per 100ea", "category": "Health & Beauty"},
{"title": "Colgate Optic White Enamel Care Teeth Whitening Toothpaste With 1% Hydrogen Peroxide | 95g", "price": "$6.00", "price_calculation": "$6.32 per 100g", "category": "Health & Beauty"},
{"title": "Colgate 360 Optic White Toothbrush Medium | 3 pack", "price": "$14.00", "price_calculation": "$4.67 per 1ea", "category": "Health & Beauty"},
{"title": "Head & Shoulders Clean & Balanced Shampoo | 660mL", "price": "$21.00", "price_calculation": "$3.18 per 100mL", "category": "Health & Beauty"},
{"title": "Coles Cotton Wool Tips Paper Stem | 20 pack", "price": "$1.00", "price_calculation": "$0.05 per 1ea", "category": "Health & Beauty"},
{"title": "Palmolive Antibacterial Liquid Handwash | 250mL", "price": "$1.80", "price_calculation": "$0.72 per 100mL", "category": "Health & Beauty"},
{"title": "Palmolive Aromatherapy Hand Wash Pump Sea Minerals | 250mL", "price": "$1.80", "price_calculation": "$0.72 per 100mL", "category": "Health & Beauty"},
{"title": "Coles Liners Long | 26 pack", "price": "$1.95", "price_calculation": "$0.08 per 1ea", "category": "Health & Beauty"},
{"title": "Swisspers Large Cotton Make Up Pads | 50 pack", "price": "$3.20", "price_calculation": "$6.40 per 100ea", "category": "Health & Beauty"},
{"title": "Johnson's Daily Essentials Facial Cleansing Wipes Normal Skin | 25 pack", "price": "$3.60", "price_calculation": "$0.14 per 1ea", "category": "Health & Beauty"},
{"title": "Poise Liners For Bladder Leaks Regular | 26 pack", "price": "$5.30", "price_calculation": "$0.20 per 1ea", "category": "Health & Beauty"},
{"title": "Band-Aid Waterproof Aquablock Sterile Strips | 40 pack", "price": "$6.00", "price_calculation": "$0.15 per 1ea", "category": "Health & Beauty"},
{"title": "Dermal Therapy Ultra Moisturising Lip Balm | 10g", "price": "$6.00", "price_calculation": "$60.00 per 100g", "category": "Health & Beauty"},
{"title": "Poise Pads For Bladder Leaks Super | 14 pack", "price": "$6.95", "price_calculation": "$0.50 per 1ea", "category": "Health & Beauty"},
{"title": "Dove Body Wash Triple Moisturising | 500mL", "price": "$7.00", "price_calculation": "$1.40 per 100mL", "category": "Health & Beauty"},
{"title": "U by Kotex Tampons Super | 32 pack", "price": "$8.00", "price_calculation": "$0.25 per 1ea", "category": "Health & Beauty"},
{"title": "Libra Goodnights Ultra Thin Value Pack Pads | 20 pack", "price": "$8.50", "price_calculation": "$0.43 per 1ea", "category": "Health & Beauty"},
{"title": "Oral-B Complete Clean 5 Way Toothbrush | 3 pack", "price": "$10.00", "price_calculation": "$3.33 per 1ea", "category": "Health & Beauty"},
{"title": "Colgate Total Advanced Fresh Multi Benefit Toothpaste | 200g", "price": "$10.00", "price_calculation": "$5.00 per 100g", "category": "Health & Beauty"},
{"title": "Colgate Multi Benefit Advanced Whitening Toothpaste | 200g", "price": "$10.00", "price_calculation": "$5.00 per 100g", "category": "Health & Beauty"},
{"title": "Sensodyne Sensitive Daily Care Toothbrush | 3 pack", "price": "$10.50", "price_calculation": "$3.50 per 1ea", "category": "Health & Beauty"},
{"title": "Palmolive Milk & Honey Liquid Hand Wash | 250mL", "price": "$1.80", "price_calculation": "$0.72 per 100mL", "category": "Health & Beauty"},
{"title": "Coles Extra Pads Super With Wings | 14 pack", "price": "$2.20", "price_calculation": "$0.16 per 1ea", "category": "Health & Beauty"},
{"title": "Coles Antibacterial Hand Wash Sweet Orange | 1L", "price": "$3.00", "price_calculation": "$0.30 per 100mL", "category": "Health & Beauty"},
{"title": "Swisspers Cotton Round Make Up Pads | 80 pack", "price": "$3.28", "price_calculation": "$4.10 per 100ea", "category": "Health & Beauty"},
{"title": "Colgate Triple Action Toothpaste | 165g", "price": "$3.50", "price_calculation": "$2.12 per 100g", "category": "Health & Beauty"},
{"title": "Colgate 360 Degree Medium Toothbrush | 1 pack", "price": "$5.00", "price_calculation": "$5.00 per 1ea", "category": "Health & Beauty"},
{"title": "Dove Triple Moisturising Body Wash | 1L", "price": "$17.00", "price_calculation": "$1.70 per 100mL", "category": "Health & Beauty"},
{"title": "Oral B 3D White 2 In 1 Whitening Long Lasting Freshness Paste | 110g", "price": "$2.75", "price_calculation": "$2.50 per 100g", "category": "Health & Beauty"},
{"title": "Ostelin Vitamin D 1000IU D3 Capsules For Bones + Immunity | 130 pack", "price": "$13.92", "price_calculation": "$0.11 per 1ea", "category": "Health & Beauty"},
{"title": "Coles Antibacterial Hand Wash Refill Aloe Vera & Chamomile | 1L", "price": "$3.00", "price_calculation": "$0.30 per 100mL", "category": "Health & Beauty"},
{"title": "Dove Rejuvenate Pomegranate Body Wash | 1L", "price": "$17.00", "price_calculation": "$1.70 per 100mL", "category": "Health & Beauty"},
{"title": "Coles Paracetamol Hard Gel Capsules | 20 pack", "price": "$1.25", "price_calculation": "$0.06 per 1ea", "category": "Health & Beauty"},
{"title": "Poise Liners For Bladder Leaks Light | 18 pack", "price": "$3.70", "price_calculation": "$0.21 per 1ea", "category": "Health & Beauty"},
{"title": "Colgate Sensitive Multiprotection Toothpaste | 110g", "price": "$9.00", "price_calculation": "$8.18 per 100g", "category": "Health & Beauty"},
{"title": "Libra Goodnights Extra Long With Wings Pads | 10 pack", "price": "$5.00", "price_calculation": "$0.50 per 1ea", "category": "Health & Beauty"},
{"title": "Coles Cotton Balls | 200 pack", "price": "$2.00", "price_calculation": "$1.00 per 100ea", "category": "Health & Beauty"},
{"title": "Colgate Total Original Toothpaste | 115g", "price": "$4.00", "price_calculation": "$3.48 per 100g", "category": "Health & Beauty"},
{"title": "U by Kotex Ultrathin Overnight Pads Long With Wings | 8 pack", "price": "$5.00", "price_calculation": "$0.63 per 1ea", "category": "Health & Beauty"},
{"title": "Colgate 360 Degree Soft Toothbrush | 1 pack", "price": "$5.00", "price_calculation": "$5.00 per 1ea", "category": "Health & Beauty"},
{"title": "Palmolive Anti-Bacterial Lime Liquid Hand Wash | 250mL", "price": "$1.80", "price_calculation": "$0.72 per 100mL", "category": "Health & Beauty"},
{"title": "Libra Liners Dry & Long | 30 pack", "price": "$3.50", "price_calculation": "$0.12 per 1ea", "category": "Health & Beauty"},
{"title": "Libra Exta Regular With Wings Pads | 14 pack", "price": "$5.00", "price_calculation": "$0.36 per 1ea", "category": "Health & Beauty"},
{"title": "U by Kotex Ultrathin Pads Super With Wings | 12 pack", "price": "$5.00", "price_calculation": "$0.42 per 1ea", "category": "Health & Beauty"},
{"title": "U by Kotex Ultrathin Pads Regular With Wings | 14 pack", "price": "$5.00", "price_calculation": "$0.36 per 1ea", "category": "Health & Beauty"},
{"title": "Colgate Total Charcoal Deep Clean Multi Benefit Toothpaste | 115g", "price": "$6.50", "price_calculation": "$5.65 per 100g", "category": "Health & Beauty"},
{"title": "Pears Soap Bar Lemon Flower | 100g", "price": "$1.25", "price_calculation": "$1.25 per 100g", "category": "Health & Beauty"},
{"title": "Colgate Total Multi Benefit Toothpaste | 40g", "price": "$2.00", "price_calculation": "$5.00 per 100g", "category": "Health & Beauty"},
{"title": "Listerine Zero Alcohol Antibacterial Mouthwash Less Intense Taste | 500mL", "price": "$8.00", "price_calculation": "$1.60 per 100mL", "category": "Health & Beauty"},
{"title": "Nurofen Zavance Fast Pain Relief Tablets 256mg Ibuprofen | 12 pack", "price": "$4.50", "price_calculation": "$0.38 per 1ea", "category": "Health & Beauty"},
{"title": "Sensodyne Sensitive Teeth Pain Rapid Relief Toothpaste | 100g", "price": "$12.30", "price_calculation": "$12.30 per 100g", "category": "Health & Beauty"},
{"title": "Seng Hork Prawn & Pork Dumplings | 500g", "price": "$8.00", "price_calculation": "$1.60 per 100g", "category": "Frozen"},
{"title": "Colgate Total Original Toothpaste | 200g", "price": "$5.50", "price_calculation": "$2.75 per 100g", "category": "Health & Beauty"},
{"title": "Tresemme Moisture Rich Shampoo | 940mL", "price": "$14.00", "price_calculation": "$1.49 per 100mL", "category": "Health & Beauty"},
{"title": "Sara Lee Frozen French Cream Cheesecake | 360g", "price": "$8.50", "price_calculation": "$2.36 per 100g", "category": "Frozen"},
{"title": "Colgate Sensitive Whitening Toothpaste | 110g", "price": "$9.00", "price_calculation": "$8.18 per 100g", "category": "Health & Beauty"},
{"title": "Dove Men+Care Clean Comfort Body And Face Wash | 1L", "price": "$17.00", "price_calculation": "$1.70 per 100mL", "category": "Health & Beauty"},
{"title": "Street Margherita Pizza | 355g", "price": "$8.60", "price_calculation": "$2.42 per 100g", "category": "Frozen"},
{"title": "U By Kotex Ultrathin Overnight Pads With Wings | 10 pack", "price": "$5.00", "price_calculation": "$0.50 per 1ea", "category": "Health & Beauty"},
{"title": "Palmolive Anti-Bacterial 2 Hour Defence Hand Wash | 250mL", "price": "$1.80", "price_calculation": "$0.72 per 100mL", "category": "Health & Beauty"},
{"title": "Street Pepperoni Pizza | 345g", "price": "$8.60", "price_calculation": "$2.49 per 100g", "category": "Frozen"},
{"title": "Libra Goodnight Extra Long & Wide | 6 pack", "price": "$5.00", "price_calculation": null, "category": "Health & Beauty"},
{"title": "The Goat Skincare Original Soap Bar | 100g", "price": "$2.00", "price_calculation": "$2.00 per 100g", "category": "Health & Beauty"},
{"title": "McCain Pub Size Butter Chicken | 480g", "price": "$9.50", "price_calculation": "$1.98 per 100g", "category": "Frozen"},
{"title": "Vicks Vapodrop Original Menthol Lozenges | 42 pack", "price": "$5.35", "price_calculation": "$0.13 per 1ea", "category": "Health & Beauty"},
{"title": "Colgate Tartar Control Dental Floss | 25m", "price": "$2.64", "price_calculation": "$0.11 per 1M", "category": "Health & Beauty"},
{"title": "Cadbury Dairy Milk Hazelnut Ice Cream 4 pack | 360mL", "price": "$9.50", "price_calculation": "$2.64 per 100mL", "category": "Frozen"},
{"title": "Colgate Sensitive Pro Relief Whitening Toothpaste | 110g", "price": "$5.50", "price_calculation": "$5.00 per 100g", "category": "Health & Beauty"},
{"title": "Coles Foaming Handwash Raspberry | 1L", "price": "$3.50", "price_calculation": "$0.35 per 100mL", "category": "Health & Beauty"},
{"title": "McCain Pub Size Rich Beef Meatballs | 480g", "price": "$9.50", "price_calculation": "$1.98 per 100g", "category": "Frozen"},
{"title": "Listerine Freshburst Antibacterial Mouthwash | 500mL", "price": "$8.00", "price_calculation": "$1.60 per 100mL", "category": "Health & Beauty"},
{"title": "Colgate Zig Zag Flex Soft Toothbrush | 3 pack", "price": "$3.90", "price_calculation": "$1.30 per 1ea", "category": "Health & Beauty"},
{"title": "Drumstick Ice Cream Plant Based Vanilla 4 pack | 476mL", "price": "$9.50", "price_calculation": "$2.00 per 100mL", "category": "Frozen"},
{"title": "Oral B 3D White  2 In 1 Whitening Strengthens Enamel Paste | 110g", "price": "$2.75", "price_calculation": "$2.50 per 100g", "category": "Health & Beauty"},
{"title": "Palmolive Naturals Replenishing Milk & Honey Soap | 4 pack", "price": "$5.00", "price_calculation": "$1.39 per 100g", "category": "Health & Beauty"},
{"title": "Connoisseur Ice Cream Blood Orange Choc 4 Pack | 400mL", "price": "$9.50", "price_calculation": "$2.38 per 100mL", "category": "Frozen"},
{"title": "Coles Revitalising Ocean Breeze Body Wash | 1L", "price": "$4.00", "price_calculation": "$0.40 per 100mL", "category": "Health & Beauty"},
{"title": "Palmolive Naturals Aloe & Olive Soap | 4 pack", "price": "$5.00", "price_calculation": "$1.39 per 100g", "category": "Health & Beauty"},
{"title": "Patties Frozen Party Pasties 12 pack | 500g", "price": "$9.50", "price_calculation": "$1.90 per 100g", "category": "Frozen"},
{"title": "Libra Regular Ultra Thin Pads | 14 pack", "price": "$5.00", "price_calculation": "$0.36 per 1ea", "category": "Health & Beauty"},
{"title": "Wet Ones Antibacterial Hand Wipes Be Fresh | 80 pack", "price": "$5.40", "price_calculation": "$6.75 per 100ea", "category": "Health & Beauty"},
{"title": "Bulla Murray St Caramel Maple Macadamia Ice Cream Sticks 4 pack | 400mL", "price": "$10.00", "price_calculation": "$2.50 per 100mL", "category": "Frozen"},
{"title": "Libra Pads Ultra Thin Super Wing | 12 pack", "price": "$5.00", "price_calculation": "$0.42 per 1ea", "category": "Health & Beauty"},
{"title": "Libra Invisible Pads Regular Wing | 12 pack", "price": "$5.50", "price_calculation": "$0.46 per 1ea", "category": "Health & Beauty"},
{"title": "Bulla Murray St Vanilla Bean & Chocolate Almonds Ice cream Sticks 4 Pack | 400mL", "price": "$10.00", "price_calculation": "$2.50 per 100mL", "category": "Frozen"},
{"title": "Imperial Leather Original Bar Soap Toilet Soap | 6 pack", "price": "$5.30", "price_calculation": "$0.88 per 100g", "category": "Health & Beauty"},
{"title": "Lucas Papaw Ointment Lip Tube | 15g", "price": "$5.60", "price_calculation": "$37.34 per 100g", "category": "Health & Beauty"},
{"title": "Birds Eye Deli Lightly Seasoned Squid | 225g", "price": "$10.00", "price_calculation": "$44.44 per 1kg", "category": "Frozen"},
{"title": "Nurofen Zavance Fast Pain Relief Liquid Capsules 200mg Ibuprofen | 24 pack", "price": "$5.40", "price_calculation": "$0.23 per 1ea", "category": "Health & Beauty"},
{"title": "Dove Women Antiperspirant Original | 220mL", "price": "$8.50", "price_calculation": "$3.86 per 100mL", "category": "Health & Beauty"},
{"title": "Street Calzone Ham & Cheese 4 Pack | 320g", "price": "$10.00", "price_calculation": "$3.13 per 100g", "category": "Frozen"},
{"title": "Colgate Sensitive Pro Relief Repair & Prevent Toothpaste | 110g", "price": "$5.50", "price_calculation": "$5.00 per 100g", "category": "Health & Beauty"},
{"title": "Sensodyne Sensitive Teeth Pain Deep Clean Toothpaste | 110g", "price": "$9.70", "price_calculation": "$8.82 per 100g", "category": "Health & Beauty"},
{"title": "KB Salt & Pepper Squid | 360g", "price": "$10.50", "price_calculation": "$29.17 per 1kg", "category": "Frozen"},
{"title": "Panadol Paracetamol Liquid Capsules | 20 pack", "price": "$5.75", "price_calculation": "$0.29 per 1ea", "category": "Health & Beauty"},
{"title": "Codral Cold & Flu Tablets | 20 pack", "price": "$12.80", "price_calculation": "$0.64 per 1ea", "category": "Health & Beauty"},
{"title": "Halo Top Cookies & Cream | 473mL", "price": "$10.50", "price_calculation": "$2.22 per 100mL", "category": "Frozen"},
{"title": "Hismile ToothpasteWatermelon | 60g", "price": "$6.50", "price_calculation": "$10.83 per 100g", "category": "Health & Beauty"},
{"title": "Coles Foaming Hand Wash Lime & Mint Antibacterial | 250mL", "price": "$2.60", "price_calculation": "$1.04 per 100mL", "category": "Health & Beauty"},
{"title": "Luv A Duck Frozen Slow Cooked Peking Duck Legs | 400g", "price": "$11.00", "price_calculation": "$27.50 per 1kg", "category": "Frozen"},
{"title": "Cenovis Mega Vitamin C 1000mg Tablets For Immunity | 60 pack", "price": "$5.55", "price_calculation": "$0.09 per 1ea", "category": "Health & Beauty"},
{"title": "Colgate Slim Soft Charcoal Toothbrush | 1 pack", "price": "$3.00", "price_calculation": "$3.00 per 1ea", "category": "Health & Beauty"},
{"title": "Birds Eye Super Crumb Seeds & Grains | 425g", "price": "$11.00", "price_calculation": "$25.88 per 1kg", "category": "Frozen"},
{"title": "Palmolive Chery Blossom Shower Gel | 1L", "price": "$6.00", "price_calculation": "$0.60 per 100mL", "category": "Health & Beauty"},
{"title": "Palmolive Anti-Bacterial Foaming Lime & Mint Hand Wash | 250mL", "price": "$3.20", "price_calculation": "$1.28 per 100mL", "category": "Health & Beauty"},
{"title": "Sabrini Chilli Milli Samosa | 660g", "price": "$11.50", "price_calculation": "$1.74 per 100g", "category": "Frozen"},
{"title": "Palmolive Japanese Cherry Blossom Foaming Hand Wash Sanitiser Liquid Refill | 1L", "price": "$6.80", "price_calculation": "$0.68 per 100mL", "category": "Health & Beauty"},
{"title": "Colgate Plax Peppermint Dental Mouthwash | 500mL", "price": "$3.50", "price_calculation": "$0.70 per 100mL", "category": "Health & Beauty"},
{"title": "Sara Lee Rocky Road Ice Cream | 1L", "price": null, "price_calculation": null, "category": "Frozen"},
{"title": "Dove Women Antiperspirant Invisible Dry | 220mL", "price": "$8.50", "price_calculation": "$3.86 per 100mL", "category": "Health & Beauty"},
{"title": "Coles Nourish Milk & Honey Body Wash | 1L", "price": "$4.00", "price_calculation": "$0.40 per 100mL", "category": "Health & Beauty"},
{"title": "YoPro Frozen Desserts Salted Caramel 4 pack | 540mL", "price": "$12.00", "price_calculation": "$2.22 per 100mL", "category": "Frozen"},
{"title": "Colgate Total Advanced Clean Toothpaste | 200g", "price": "$10.00", "price_calculation": "$5.00 per 100g", "category": "Health & Beauty"},
{"title": "Nurofen Ibuprofen 200mg Tablets Pain Relief | 24 pack", "price": "$5.40", "price_calculation": "$0.23 per 1ea", "category": "Health & Beauty"},
{"title": "YoPro Frozen Dessert Mint Chocolate 4 pack | 540mL", "price": "$12.00", "price_calculation": "$2.22 per 100mL", "category": "Frozen"},
{"title": "Vaseline Petroleum Jelly Original | 100g", "price": "$5.50", "price_calculation": "$5.50 per 100g", "category": "Health & Beauty"},
{"title": "I&J Lemon Crumb Fish Fillets | 1kg", "price": "$13.00", "price_calculation": "$13.00 per 1kg", "category": "Frozen"},
{"title": "Panadol Rapid Soluble Tablets for Pain Relief Paracetamol 500mg | 20 pack", "price": "$6.25", "price_calculation": "$0.31 per 1ea", "category": "Health & Beauty"},
{"title": "Haagen Dazs Belgian Chocolate Ice Cream Tub | 457mL", "price": "$13.50", "price_calculation": "$2.95 per 100mL", "category": "Frozen"},
{"title": "Dove Men Antiperspirant Deodorant Extra Fresh | 254mL", "price": "$8.50", "price_calculation": "$3.35 per 100mL", "category": "Health & Beauty"},
{"title": "Haagen-Dazs Salted Caramel Ice Cream Tubs | 457mL", "price": "$13.50", "price_calculation": "$2.95 per 100mL", "category": "Frozen"},
{"title": "Dove Men Antiperspirant Invisible Dry | 254mL", "price": "$8.50", "price_calculation": "$3.35 per 100mL", "category": "Health & Beauty"},
{"title": "Haagen Dazs Cookies & Cream Ice Cream Tub | 457mL", "price": "$13.50", "price_calculation": "$2.95 per 100mL", "category": "Frozen"},
{"title": "Batiste Original Dry Shampoo | 350mL", "price": "$19.30", "price_calculation": "$5.51 per 100mL", "category": "Health & Beauty"},
{"title": "Haagen-Dazs Ice Cream Pint Irish Whiskey Chocolate Waffle 8 Pack | 457mL", "price": "$13.50", "price_calculation": "$2.95 per 100mL", "category": "Frozen"},
{"title": "Coles Aspirin Tablets 300mg | 24 pack", "price": "$0.95", "price_calculation": "$0.04 per 1ea", "category": "Health & Beauty"},
{"title": "Haagen Dazs Classic Collection 4 Pack | 480mL", "price": "$13.50", "price_calculation": "$3.55 per 100mL", "category": "Frozen"},
{"title": "Norsca Forest Fresh Antiperspirant Roll On Deodorant | 50mL", "price": "$2.15", "price_calculation": "$4.30 per 100mL", "category": "Health & Beauty"},
{"title": "Sabrini Punjabi Asli Samosa | 1500g", "price": "$17.00", "price_calculation": "$1.13 per 100g", "category": "Frozen"},
{"title": "Grants Of Australia Whitening Spearmint Toothpaste | 110g", "price": "$3.44", "price_calculation": "$3.13 per 100g", "category": "Health & Beauty"},
{"title": "I&J The Finest Frozen Salmon Portions Skin On | 500g", "price": "$23.00", "price_calculation": "$46.00 per 1kg", "category": "Frozen"},
{"title": "Grants Of Australia Mild Mint With Aloe Vera Natural Toothpaste | 110g", "price": "$3.50", "price_calculation": "$3.18 per 100g", "category": "Health & Beauty"},
{"title": "Borg's Mini Frozen Puff Pastry 10 Sheets | 400g", "price": "$3.75", "price_calculation": "$0.94 per 100g", "category": "Frozen"},
{"title": "Wet Ones Be Gentle Anti-Bacterial Hand & Face Wipes | 40 pack", "price": "$4.40", "price_calculation": "$0.11 per 1ea", "category": "Health & Beauty"},
{"title": "Birds Eye Frozen Steam Fresh Carrots Peas & Corn Mix 3 pack | 450g", "price": "$4.50", "price_calculation": "$10.00 per 1kg", "category": "Frozen"},
{"title": "Oral B Toothbrush Sensitive X Deep Clean | 2 pack", "price": "$4.50", "price_calculation": "$2.25 per 1ea", "category": "Health & Beauty"},
{"title": "Sabrini Onion Bhaji | 240g", "price": "$5.00", "price_calculation": "$2.08 per 100g", "category": "Frozen"},
{"title": "Palmolive Naturals Balanced & Mild With Chamomile Extracts | 4 pack", "price": "$5.00", "price_calculation": "$1.39 per 100g", "category": "Health & Beauty"},
{"title": "Frys Meat Free Chicken Stars & Moons | 300g", "price": "$5.00", "price_calculation": "$16.67 per 1kg", "category": "Frozen"},
{"title": "U by Kotex Ultrathin Pads Regular No Wings | 14 pack", "price": "$5.00", "price_calculation": "$0.36 per 1ea", "category": "Health & Beauty"},
{"title": "Frys Meat Free Steak Style Pie | 350g", "price": "$5.20", "price_calculation": "$1.49 per 100g", "category": "Frozen"},
{"title": "Gillette Shave Foam Lemon Lime | 330g", "price": "$5.50", "price_calculation": null, "category": "Health & Beauty"},
{"title": "Peters Original Banana Split | 2L", "price": "$5.50", "price_calculation": "$0.28 per 100mL", "category": "Frozen"},
{"title": "Palmolive Naturals Ultra Moisture Milk & Shea Butter Shower Gel | 1L", "price": "$6.00", "price_calculation": "$0.60 per 100mL", "category": "Health & Beauty"},
{"title": "Proud & Punch Coconuts For Mango | 450mL", "price": "$6.00", "price_calculation": "$1.33 per 100mL", "category": "Frozen"},
{"title": "Rexona Men Antiperspirant Aerosol Deodorant Original | 250mL", "price": "$6.00", "price_calculation": "$2.40 per 100mL", "category": "Health & Beauty"},
{"title": "Birds Eye Baby Beans | 1kg", "price": "$6.00", "price_calculation": "$6.00 per 1kg", "category": "Frozen"},
{"title": "Rexona Women Antiperspirant Aerosol Deodorant Sexy Bouquet | 250mL", "price": "$6.00", "price_calculation": "$2.40 per 100mL", "category": "Health & Beauty"},
{"title": "Nature's Kitchen Nature's Kitchen Vegetable Dim Sims | 200g", "price": "$6.00", "price_calculation": "$3.00 per 100g", "category": "Frozen"},
{"title": "Quick-Eze Chewy Peppermint Antacid Tablets | 3 pack", "price": "$6.80", "price_calculation": "$5.62 per 100g", "category": "Health & Beauty"},
{"title": "Coles I'M Free From Quiche Lorraine | 280g", "price": "$8.50", "price_calculation": "$3.04 per 100g", "category": "Frozen"},
{"title": "Palmolive Milk And Honey Hand Wash | 1L", "price": "$7.00", "price_calculation": "$0.70 per 100mL", "category": "Health & Beauty"},
{"title": "Temptation Bakeries Pumpkin & Fetta Quiches 18 Pack | 300g", "price": "$6.00", "price_calculation": "$2.00 per 100g", "category": "Frozen"},
{"title": "Dove Men Antiperspirant Deodorant Clean Comfort | 254mL", "price": "$8.50", "price_calculation": "$3.35 per 100mL", "category": "Health & Beauty"},
{"title": "Nanna's Frozen French Style Crepes | 400g", "price": "$6.50", "price_calculation": "$1.63 per 100g", "category": "Frozen"},
{"title": "Pantene Pro-V Ultimate 10 Repair & Protect Shampoo | 900mL", "price": "$20.00", "price_calculation": "$2.22 per 100mL", "category": "Health & Beauty"},
{"title": "Steggles Frozen Chicken Breast Tempura Crackles | 400g", "price": "$7.00", "price_calculation": "$17.50 per 1kg", "category": "Frozen"},
{"title": "Palmolive Aloe Vera Liquid Hand Wash | 250mL", "price": "$1.80", "price_calculation": "$0.72 per 100mL", "category": "Health & Beauty"},
{"title": "Lean Cuisine Veg'D Up Spinach Ricotta Cannelloni | 330g", "price": "$7.00", "price_calculation": "$2.12 per 100g", "category": "Frozen"},
{"title": "Coles Shower Cap | 1 pack", "price": "$2.00", "price_calculation": "$2.00 per 1ea", "category": "Health & Beauty"},
{"title": "Birds Eye Plant Based Chicken Strips | 200g", "price": "$7.30", "price_calculation": "$3.65 per 100g", "category": "Frozen"},
{"title": "Coles Ibuprofen Mini Capsules Bottle | 25 pack", "price": "$2.50", "price_calculation": "$0.10 per 1ea", "category": "Health & Beauty"},
{"title": "Twisted Minis Multipack Vanilla Caramel & Choc Banana 4 Pack | 480mL", "price": "$7.50", "price_calculation": "$1.56 per 100mL", "category": "Frozen"},
{"title": "FroPro Protein Sausage & Egg Burrito | 245g", "price": "$8.00", "price_calculation": "$3.27 per 100g", "category": "Frozen"},
{"title": "Beyond By Babylove Newborn Nappies Size 1 (Up To 5Kg) | 56 pack", "price": "$28.00", "price_calculation": "$50.00 per 100ea", "category": "Baby"},
{"title": "Beyond By Babylove Infant Nappies Size 2 (3-8Kg) | 52 pack", "price": "$28.00", "price_calculation": "$53.85 per 100ea", "category": "Baby"},
{"title": "Coles Sweet Potato Cottage Pie | 375g", "price": "$4.00", "price_calculation": "$1.07 per 100g", "category": "Frozen"},
{"title": "Alula S-26 Gold Lactose Intolerance Infant Formula 0-12 Months | 900g", "price": "$29.00", "price_calculation": "$3.22 per 100g", "category": "Baby"},
{"title": "On The Menu Frozen Cheese Burger | 161g", "price": "$4.50", "price_calculation": "$2.80 per 100g", "category": "Frozen"},
{"title": "S-26 GOLD ALULA SOY FORMULA | 900g", "price": "$29.00", "price_calculation": "$3.22 per 100g", "category": "Baby"},
{"title": "Birds Eye Snap Frozen Broccoli Florets | 500g", "price": "$4.50", "price_calculation": "$9.00 per 1kg", "category": "Frozen"},
{"title": "CUB Zip Coverall Bear Pattern And Grey | 2 pack", "price": "$29.00", "price_calculation": "$14.50 per 1ea", "category": "Baby"},
{"title": "Temptation Frozen Premium Tasty Cheese & Bacon Quiches 2 pack | 280g", "price": "$5.00", "price_calculation": "$1.79 per 100g", "category": "Frozen"},
{"title": "CUB Zip Coverall Yellow | 2 pack", "price": "$29.00", "price_calculation": "$14.50 per 1ea", "category": "Baby"},
{"title": "Coles Mini Potato Kiev Balls With Cheesy Garlic | 240g", "price": "$5.00", "price_calculation": "$2.08 per 100g", "category": "Frozen"},
{"title": "Aptamil Sensitive Stage 3 900g | 1 each", "price": "$29.00", "price_calculation": "$3.22 per 100g", "category": "Baby"},
{"title": "McCain Frozen Healthy Choice Lemon Chicken | 350g", "price": "$5.00", "price_calculation": "$1.43 per 100g", "category": "Frozen"},
{"title": "Alula S-26 Gold Reflux Infant Formula 0-12 Months | 900g", "price": "$29.00", "price_calculation": "$3.22 per 100g", "category": "Baby"},
{"title": "Fry's Frozen Meat Free Sausage Rolls 4 Pieces | 400g", "price": "$5.20", "price_calculation": "$1.30 per 100g", "category": "Frozen"},
{"title": "Tommee Tippee Baby Grooming & Healthcare Kit | 1 pack", "price": "$29.50", "price_calculation": "$29.50 per 1ea", "category": "Baby"},
{"title": "Creative Gourmet Frozen Avocado Slices | 250g", "price": "$5.65", "price_calculation": "$2.26 per 100g", "category": "Frozen"},
{"title": "Alula S-26 Gold Delicateeze Infant Formula 0-12Months | 850g", "price": "$30.00", "price_calculation": "$3.53 per 100g", "category": "Baby"},
{"title": "McCain Red Box Plated Herb & Parmesan Chicken Schnitzel | 310g", "price": "$6.00", "price_calculation": "$1.94 per 100g", "category": "Frozen"},
{"title": "Babylove Cosifit Nappies Size 4 (9-14Kg) | 60 pack", "price": "$30.00", "price_calculation": "$50.00 per 100ea", "category": "Baby"},
{"title": "Pampas Frozen Pastry Puff | 550g", "price": "$6.00", "price_calculation": "$1.09 per 100g", "category": "Frozen"},
{"title": "Babylove Cosifit Newborn Nappies Size 1 (Up To 5Kg) | 84 pack", "price": "$30.00", "price_calculation": "$35.71 per 100ea", "category": "Baby"},
{"title": "Coles Spinach Feta & Ricotta Roll | 450g", "price": "$6.10", "price_calculation": "$1.36 per 100g", "category": "Frozen"},
{"title": "Rascal + Friends Nappies Size 3 | 136 pack", "price": null, "price_calculation": null, "category": "Baby"},
{"title": "Birds Eye Snap Frozen Mixed Vegetables | 1 kg", "price": "$6.50", "price_calculation": "$6.50 per 1kg", "category": "Frozen"},
{"title": "Sophie La Girafe Teether | 1 pack", "price": "$35.50", "price_calculation": "$35.50 per 1ea", "category": "Baby"},
{"title": "On The Menu Slow Cooked Lamb Plated Meals | 320g", "price": "$7.00", "price_calculation": "$2.19 per 100g", "category": "Frozen"},
{"title": "Alula Advance+ Toddler Stage 3 Formula | 800g", "price": "$36.00", "price_calculation": "$4.50 per 100g", "category": "Baby"},
{"title": "Coles Frozen Buttermilk Chicken Tenders | 400g", "price": "$7.00", "price_calculation": "$17.50 per 1kg", "category": "Frozen"},
{"title": "Alula Advance+ Junior Stage 4 Formula | 800g", "price": "$36.00", "price_calculation": "$4.50 per 100g", "category": "Baby"},
{"title": "Streets Blue Ribbon Light Vanilla Ice Cream Tub | 2L", "price": "$7.00", "price_calculation": "$0.35 per 100mL", "category": "Frozen"},
{"title": "Biostime SN-2 Bio Plus HPO Follow-On Formula 6-12 Months | 800g", "price": "$37.00", "price_calculation": "$4.63 per 100g", "category": "Baby"},
{"title": "Ben & Jerry's Non Dairy Choc Chip Cookie Dough | 458mL", "price": "$7.25", "price_calculation": "$1.58 per 100mL", "category": "Frozen"},
{"title": "Biostime SN-2 Bio Plus HPO Toddler Milk Drink 12+ Months | 800g", "price": "$37.00", "price_calculation": "$4.63 per 100g", "category": "Baby"},
{"title": "KB's Classic Crumb Whiting Fillets | 450g", "price": "$7.50", "price_calculation": "$16.67 per 1kg", "category": "Frozen"},
{"title": "Bubs Supreme A2 Stage 3 Toddler Milk Drink | 800g", "price": "$38.00", "price_calculation": "$4.75 per 100g", "category": "Baby"},
{"title": "Birds Eye Cauliflower Cheese | 600g", "price": "$7.60", "price_calculation": "$12.67 per 1kg", "category": "Frozen"},
{"title": "Alula Advance+ Follow On Stage 2 Formula | 800g", "price": "$40.00", "price_calculation": "$5.00 per 100g", "category": "Baby"},
{"title": "Hanabi White Clams Whole | 1 kg", "price": "$7.90", "price_calculation": "$7.90 per 1kg", "category": "Frozen"},
{"title": "Bubs Supreme A2 Stage 2 Follow-On Formula | 800g", "price": "$40.00", "price_calculation": "$5.00 per 100g", "category": "Baby"},
{"title": "Magnum Ice Cream Peppermint 4Pack | 428mL", "price": "$8.00", "price_calculation": "$1.87 per 100mL", "category": "Frozen"},
{"title": "Oli6 Stage 2 Goat Milk Follow On Formula 6-12 Months | 800g", "price": "$40.50", "price_calculation": "$5.06 per 100g", "category": "Baby"},
{"title": "McCain Frozen Supreme Family Pizza | 500g", "price": "$8.50", "price_calculation": "$1.70 per 100g", "category": "Frozen"},
{"title": "Rascal + Friends Nappy Pants Size 6 Junior | 46 pack", "price": "$30.00", "price_calculation": "$65.22 per 100ea", "category": "Baby"},
{"title": "Oli6 Stage 3 Goat Milk Toddler Drink 1-3 Years | 800g", "price": "$40.50", "price_calculation": "$5.06 per 100g", "category": "Baby"},
{"title": "Core Power Foods Bangers And Mash | 350g", "price": "$9.00", "price_calculation": "$2.57 per 100g", "category": "Frozen"},
{"title": "Huggies Ultra Dry Nappy Pants Girls Size 6 (15kg+) | 48 pack", "price": "$30.00", "price_calculation": "$62.50 per 100ea", "category": "Baby"},
{"title": "Huggies Ultimate Nappy Pants Size 6 (15kg & Over) | 46 pack", "price": "$41.00", "price_calculation": "$89.13 per 100ea", "category": "Baby"},
{"title": "Herbert Adams Frozen Gourmet King Island Beef In Rich Gravy Pie  2 pack | 420g", "price": "$9.00", "price_calculation": "$2.14 per 100g", "category": "Frozen"},
{"title": "Heinz Pureed Fruity Apples 4+ Months Glass Jar | 110g", "price": "$1.20", "price_calculation": "$1.09 per 100g", "category": "Baby"},
{"title": "Alula Gold Allergy Infant Formula 0-12 months | 800g", "price": "$42.00", "price_calculation": "$5.25 per 100g", "category": "Baby"},
{"title": "Core Powerfoods BBQ Mixed Grill | 350g", "price": "$9.00", "price_calculation": "$2.57 per 100g", "category": "Frozen"},
{"title": "CUB 100% Pure Cotton Ripple | 100g", "price": "$1.95", "price_calculation": null, "category": "Baby"},
{"title": "Streets Calippo Mini Ice Raspberry Pineapple Ice Cream 10 pack | 575mL", "price": "$9.00", "price_calculation": "$1.57 per 100mL", "category": "Frozen"},
{"title": "Little Bellies Fiddlesticks Cheese | 12g", "price": "$2.00", "price_calculation": "$16.67 per 100g", "category": "Baby"},
{"title": "KB's Seafood Marinated Basa Fillet | 260g", "price": "$10.00", "price_calculation": "$38.46 per 1kg", "category": "Frozen"},
{"title": "Rafferty's Garden Tuna & Garden Vegetables Protein Baby Food Pouch 6+ Months | 120g", "price": "$2.00", "price_calculation": "$1.67 per 100g", "category": "Baby"},
{"title": "Why Meat Mini Potato Cake Original | 750g", "price": "$11.50", "price_calculation": "$15.33 per 1kg", "category": "Frozen"},
{"title": "Rafferty's Garden Pumpkin Pear & Peach Baby Food Puree Pouch 4+ Months | 120g", "price": "$2.00", "price_calculation": "$1.67 per 100g", "category": "Baby"},
{"title": "Birds Eye Snap Frozen Vegetable Peas Corn | 500g", "price": "$4.00", "price_calculation": "$8.00 per 1kg", "category": "Frozen"},
{"title": "Rafferty's Garden Blueberry & Banana Squares Baby Food Snack 8+ Months | 16g", "price": "$2.00", "price_calculation": "$12.50 per 100g", "category": "Baby"},
{"title": "Coles Frozen Chocolate Lava Cake 2 pack | 180g", "price": "$4.20", "price_calculation": "$2.33 per 100g", "category": "Frozen"},
{"title": "Little Bellies Veggie Tubes Sweetcorn & Carrot  12m+ | 12g", "price": "$2.00", "price_calculation": "$16.67 per 100g", "category": "Baby"},
{"title": "McCain Frozen Healthy Choice Chinese Chicken With Cashews | 280g", "price": "$5.00", "price_calculation": "$1.79 per 100g", "category": "Frozen"},
{"title": "Rafferty's Garden Vegemite Cheesy Bread Sticks 12+ Months | 30g", "price": "$2.00", "price_calculation": "$6.67 per 100g", "category": "Baby"},
{"title": "Pampas Frozen Lemon Meringue Pies 4 pack | 400g", "price": "$5.80", "price_calculation": "$1.45 per 100g", "category": "Frozen"},
{"title": "Rafferty's Garden Sweet Potato & Carrot Bread Sticks 12+ Months | 30g", "price": "$2.00", "price_calculation": "$6.67 per 100g", "category": "Baby"},
{"title": "Super Nature Frozen Super Green Chickpea Curry with Quinoa  and Brown Rice Wellness Bowl | 350g", "price": "$6.00", "price_calculation": "$1.71 per 100g", "category": "Frozen"},
{"title": "Rafferty's Garden Apple Raisins & Chia Baked Oat Bites 12M+ Months | 30g", "price": "$2.00", "price_calculation": "$6.67 per 100g", "category": "Baby"},
{"title": "Borg's Pastizzi Spinach Ricotta | 625g", "price": "$6.50", "price_calculation": "$1.04 per 100g", "category": "Frozen"},
{"title": "Only Organic Banana Raspberry & Vanilla Baby Food Pouch 8+ Months | 120g", "price": "$2.15", "price_calculation": "$1.79 per 100g", "category": "Baby"},
{"title": "Streets Blue Ribbon Cookies & Cream Ice cream tub | 2L", "price": "$7.00", "price_calculation": "$0.35 per 100mL", "category": "Frozen"},
{"title": "Nestle Cerelac Baby Rice Cereal Stage 1 | 200g", "price": "$6.00", "price_calculation": "$3.00 per 100g", "category": "Baby"},
{"title": "Hanabi Cabbage & Pork Dumplings | 500g", "price": "$7.00", "price_calculation": "$1.40 per 100g", "category": "Frozen"},
{"title": "WaterWipes Fragrance Free Sensitive Skin 180 Baby Wipes | 180 pack", "price": "$18.00", "price_calculation": "$10.00 per 100ea", "category": "Baby"},
{"title": "Lean Cuisine Chicken Cheese & Pasta | 375g", "price": "$7.00", "price_calculation": "$1.87 per 100g", "category": "Frozen"},
{"title": "Nestle NAN Comfort 1 Starter Baby Infant Formula Powder From Birth  | 800g", "price": "$20.00", "price_calculation": "$2.50 per 100g", "category": "Baby"},
{"title": "Bulla Creamy Classic Vanilla Choc Fudge Cone 4 Pack | 520mL", "price": "$7.00", "price_calculation": "$1.35 per 100mL", "category": "Frozen"},
{"title": "Nestle NAN Comfort 2 Baby Follow-On Formula Powder From 6 To 12 Months  | 800g", "price": "$20.00", "price_calculation": "$2.50 per 100g", "category": "Baby"},
{"title": "Birds Eye Plant Based Mince | 300g", "price": "$7.30", "price_calculation": "$2.43 per 100g", "category": "Frozen"},
{"title": "Rascal + Friends Nappies Size 4 Toddler | 72 pack", "price": "$30.00", "price_calculation": "$41.67 per 100ea", "category": "Baby"},
{"title": "The Fishery Smooth Dory Fillets | 200g", "price": "$7.50", "price_calculation": "$37.50 per 1kg", "category": "Frozen"},
{"title": "Huggies Ultra Dry Nappy Pants Girls Size 4 (9-14kg) | 62 pack", "price": "$30.00", "price_calculation": "$48.39 per 100ea", "category": "Baby"},
{"title": "Coles IM Free From Chicken Tenders | 400g", "price": "$8.00", "price_calculation": "$20.00 per 1kg", "category": "Frozen"},
{"title": "Aptamil Allerpro Syneo Baby Formula Stage 2 | 900g", "price": "$40.00", "price_calculation": "$4.44 per 100g", "category": "Baby"},
{"title": "Magnum Ice Cream Honeycomb Crunch 4Pack | 428mL", "price": "$8.00", "price_calculation": "$1.87 per 100mL", "category": "Frozen"},
{"title": "Aptamil Profutura Follow On Formula From 6-12 Months | 900g", "price": "$45.00", "price_calculation": "$5.00 per 100g", "category": "Baby"},
{"title": "On The Menu Beef Cutlet With Pepper Gravy Mash & Veg | 480g", "price": "$8.00", "price_calculation": "$1.67 per 100g", "category": "Frozen"},
{"title": "Baby Bellies Organic Pea Pasrnip Soft Corn 10+ Months | 8g", "price": "$2.00", "price_calculation": "$25.00 per 100g", "category": "Baby"},
{"title": "Golden Wok Frozen Diana Chan's Korean Beef Dumplings | 230g", "price": "$8.50", "price_calculation": "$3.70 per 100g", "category": "Frozen"},
{"title": "Keep It Cleaner Toddler Apple Puffs | 22g", "price": "$2.00", "price_calculation": "$9.09 per 100g", "category": "Baby"},
{"title": "Plantry Frozen Plant Based Meal Lasagna | 350g", "price": "$9.00", "price_calculation": "$2.57 per 100g", "category": "Frozen"},
{"title": "Only Organic Vanilla Bean Custard 6+ Months | 120g", "price": "$2.15", "price_calculation": "$1.79 per 100g", "category": "Baby"},
{"title": "Core Powerfoods Beef Tortolleni | 350g", "price": "$9.00", "price_calculation": "$2.57 per 100g", "category": "Frozen"},
{"title": "Only Organic Banana Blueberry & Quinoa | 120g", "price": "$2.15", "price_calculation": "$1.79 per 100g", "category": "Baby"},
{"title": "Herbert Adams Frozen Chicken & Leek Pie 2 pack | 420g", "price": "$9.00", "price_calculation": "$2.14 per 100g", "category": "Frozen"},
{"title": "Only Organic Cauliflower Broccoli & Cheddar | 120g", "price": "$2.15", "price_calculation": "$1.79 per 100g", "category": "Baby"},
{"title": "Only Organic Baby Food Mango Coconut And Quinoa | 120g", "price": "$2.15", "price_calculation": "$1.79 per 100g", "category": "Baby"},
{"title": "Only Organic Pear Banana & Apple 6+ Months | 120g", "price": "$2.15", "price_calculation": "$1.79 per 100g", "category": "Baby"},
{"title": "Only Organic Wild Rice Risotto & Spring Lamb 6+ Months | 120g", "price": "$2.15", "price_calculation": "$1.79 per 100g", "category": "Baby"},
{"title": "Only Organic Teething Rusks 6+ Months | 100g", "price": "$3.10", "price_calculation": "$3.10 per 100g", "category": "Baby"},
{"title": "Keep It Cleaner Toddler Corn & Rice Pasta Jungle Animals | 250g", "price": "$3.60", "price_calculation": "$1.44 per 100g", "category": "Baby"},
{"title": "Mighty Bellies Brown Rice Cripsy Bars Cocoa | 6 pack", "price": "$6.25", "price_calculation": "$1.04 per 1ea", "category": "Baby"},
{"title": "Johnson's Baby Fresh Scented Lotion | 500mL", "price": "$6.60", "price_calculation": "$1.32 per 100mL", "category": "Baby"},
{"title": "Huggies Refillable Baby Wipes Clutch 'N' Go | 1 pack", "price": "$8.00", "price_calculation": "$8.00 per 1ea", "category": "Baby"},
{"title": "Huggies Drynites Night Pants Girls Size 8-15 Years | 8 pack", "price": "$10.00", "price_calculation": "$1.25 per 1ea", "category": "Baby"},
{"title": "Cetaphil Baby Wash & Shampoo | 400mL", "price": "$11.06", "price_calculation": "$2.77 per 100mL", "category": "Baby"},
{"title": "Rascal + Friends Nappies Size 5 Walker | 32 pack", "price": "$16.00", "price_calculation": "$0.50 per 1ea", "category": "Baby"},
{"title": "CUB Jumbo Nappy Pants Size 4 | 50 pack", "price": "$16.00", "price_calculation": "$32.00 per 100ea", "category": "Baby"},
{"title": "Huggies Ultra Dry Nappies Boys Size 3 (6-11kg) | 44 pack", "price": "$23.00", "price_calculation": "$52.27 per 100ea", "category": "Baby"},
{"title": "Huggies Newborn Nappies Size 1 (up to 5kg) | 1 pack", "price": "$23.00", "price_calculation": "$0.43 per 1ea", "category": "Baby"},
{"title": "Nestle NAN Optipro 1 Premium Starter Baby Infant Formula Powder From Birth  | 800g", "price": "$27.00", "price_calculation": "$3.38 per 100g", "category": "Baby"},
{"title": "Babylove Cosifit Nappies Size 5 (12-17Kg) | 54 pack", "price": "$30.00", "price_calculation": "$55.56 per 100ea", "category": "Baby"},
{"title": "Rascal + Friends Nappies Size 3 Crawler | 88 pack", "price": "$30.00", "price_calculation": "$34.09 per 100ea", "category": "Baby"},
{"title": "Rafferty's Garden Salmon & Pumpkin Risotto Baby Food Pouch 6+ Months | 120g", "price": "$2.00", "price_calculation": "$1.67 per 100g", "category": "Baby"},
{"title": "Rafferty's Garden Strawberry & Chia Yoghurt Brekkie No Added Sugar Baby Food Pouch 8+ Months | 120g", "price": "$2.00", "price_calculation": "$1.67 per 100g", "category": "Baby"},
{"title": "Rafferty's Garden Apple Pear & Cinnamon and Nothing Else Baby Food Puree Pouch 4+ Months | 120g", "price": "$2.00", "price_calculation": "$1.67 per 100g", "category": "Baby"},
{"title": "Only Organic Vegetable & Chicken Risotto | 220g", "price": "$3.00", "price_calculation": "$1.36 per 100g", "category": "Baby"},
{"title": "CUB Nappy Pants Walker Size 5 Jumbo | 46 pack", "price": "$16.00", "price_calculation": "$34.78 per 100ea", "category": "Baby"},
{"title": "CUB Junior Jumbo Nappy Pants Size 6  | 42 pack", "price": "$16.00", "price_calculation": "$38.10 per 100ea", "category": "Baby"},
{"title": "Little Bellies Organic Sweet Corn Round-A-Bouts | 12g", "price": "$2.00", "price_calculation": "$1.67 per 10g", "category": "Baby"},
{"title": "Little Bellies Apple & Cinnamon Baby Puffs | 12g", "price": "$2.00", "price_calculation": "$16.67 per 100g", "category": "Baby"},
{"title": "Rafferty's Garden Blueberry- Banana & Pear Yoghurt Brekkie 6+ Months | 120g", "price": "$2.00", "price_calculation": "$1.67 per 100g", "category": "Baby"},
{"title": "Only Organic Pear Gold Kiwifruit & Oats Baby Food Pouch 8+ Months | 120g", "price": "$2.15", "price_calculation": "$1.79 per 100g", "category": "Baby"},
{"title": "Only Organic  Strawberry Yoghurt Rice Cakes | 30g", "price": "$4.00", "price_calculation": "$13.33 per 100g", "category": "Baby"},
{"title": "Curash Water Wipes | 80 pack", "price": "$6.00", "price_calculation": "$7.50 per 100ea", "category": "Baby"},
{"title": "Little Bellies Softcorn Banana | 8g", "price": "$2.00", "price_calculation": "$25.00 per 100g", "category": "Baby"},
{"title": "Rafferty's Garden Pureed Blueberries Banana & Apple 4+ Months | 120g", "price": "$2.00", "price_calculation": "$1.67 per 100g", "category": "Baby"},
{"title": "Huggies Thick Baby Wipes Coconut Oil | 1 pack", "price": "$5.00", "price_calculation": "$6.25 per 100ea", "category": "Baby"},
{"title": "Cub Unisex Crawler Nappies Size 3 | 56 pack", "price": "$11.50", "price_calculation": "$20.54 per 100ea", "category": "Baby"},
{"title": "Rafferty's Garden Chickpea Corn & Carrot 8+ Months  | 120g", "price": "$2.00", "price_calculation": "$1.67 per 100g", "category": "Baby"},
{"title": "Rafferty's Garden Banana & Mango Custard Baby Food Pouch Sweet Dessert 6+ Months | 120g", "price": "$2.00", "price_calculation": "$1.67 per 100g", "category": "Baby"},
{"title": "Rafferty's Garden Sweet Potato Carrot & Apple and Nothing Else Baby Food Puree Pouch 4+ Months | 120g", "price": "$2.00", "price_calculation": "$1.67 per 100g", "category": "Baby"},
{"title": "Little Bellies Animal Biscuits | 130g", "price": "$4.75", "price_calculation": "$3.65 per 100g", "category": "Baby"},
{"title": "CUB Unisex Newborn Nappies Size 1 | 30 pack", "price": "$5.25", "price_calculation": "$0.18 per 1ea", "category": "Baby"},
{"title": "Johnson's Baby Classic Scented Baby Powder | 400g", "price": "$5.50", "price_calculation": "$1.38 per 100g", "category": "Baby"},
{"title": "Rafferty's Garden Strawberry Yoghurt Buttons Baby Food Snacks 12+ Months | 28g", "price": "$6.00", "price_calculation": "$21.43 per 100g", "category": "Baby"},
{"title": "Huggies Drynites Night Pants Girls Size 4-7 Years | 9 pack", "price": "$10.00", "price_calculation": "$1.11 per 1ea", "category": "Baby"},
{"title": "CUB Nappies Unisex Walker Size 5 | 44 pack", "price": "$11.50", "price_calculation": "$26.14 per 100ea", "category": "Baby"},
{"title": "Sudocrem Healing Cream | 125g", "price": "$12.50", "price_calculation": "$10.00 per 100g", "category": "Baby"},
{"title": "Huggies Thick Baby Wipes Coconut Oil 3x80 | 3 pack", "price": "$14.00", "price_calculation": "$5.83 per 100ea", "category": "Baby"},
{"title": "Huggies Ultra Dry Nappies Boys Size 4 (10-15kg) | 36 pack", "price": "$23.00", "price_calculation": "$0.64 per 1ea", "category": "Baby"},
{"title": "Rafferty's Garden Mango Apple & Sweet Potato Baby Food Puree Pouch 4+ Months | 120g", "price": "$2.00", "price_calculation": "$1.67 per 100g", "category": "Baby"},
{"title": "Rafferty's Garden Blueberry & Banana No Added Sugar Custard 6+ Months | 120g", "price": "$2.00", "price_calculation": "$1.67 per 100g", "category": "Baby"},
{"title": "Rafferty's Garden Chocolate Custard Baby Food Pouch Dessert Sweet Snack 6+ Months | 120g", "price": "$2.00", "price_calculation": "$1.67 per 100g", "category": "Baby"},
{"title": "Rafferty's Garden Pear & Apricot Puree and Nothing Else Baby Food Pouch 4+ Months | 120g", "price": "$2.00", "price_calculation": "$1.67 per 100g", "category": "Baby"},
{"title": "Rafferty's Garden Vanilla Custard Baby Food Pouch Sweet Dessert 6+ Months | 120g", "price": "$2.00", "price_calculation": "$1.67 per 100g", "category": "Baby"},
{"title": "Rafferty's Garden Banana Mini Yoghurt Drops Baby Food Snack 8+ Months | 8g", "price": "$2.50", "price_calculation": "$31.25 per 100g", "category": "Baby"},
{"title": "Huggies Thick Baby Wipes 99% Purified Water 72 Pack | 1 pack", "price": "$5.00", "price_calculation": "$0.07 per 1ea", "category": "Baby"},
{"title": "Milton Baby Bottle Cleaner | 500mL", "price": "$6.60", "price_calculation": "$1.32 per 100mL", "category": "Baby"},
{"title": "Huggies Drynites Night Pants Boy Size 8-15 Years | 8 pack", "price": "$10.00", "price_calculation": "$1.25 per 1ea", "category": "Baby"},
{"title": "Huggies Infant Nappies Size 2 (4-8kg) | 1 pack", "price": "$23.00", "price_calculation": "$0.48 per 1ea", "category": "Baby"},
{"title": "Huggies Ultra Dry Nappies Girls Size 5 (13-18kg) | 32 pack", "price": "$23.00", "price_calculation": "$0.72 per 1ea", "category": "Baby"},
{"title": "Huggies Ultra Dry Nappy Pants Girls Size 5 (12-17kg) | 54 pack", "price": "$30.00", "price_calculation": "$55.56 per 100ea", "category": "Baby"},
{"title": "Kiddylicious Raspberry Crispie Tiddlers 12+ Months | 12g", "price": "$1.70", "price_calculation": "$14.17 per 100g", "category": "Baby"},
{"title": "Kiddylicious Strawberry Fruit Wriggles 12+ Months | 12g", "price": "$1.70", "price_calculation": "$14.17 per 100g", "category": "Baby"},
{"title": "Rafferty's Garden Chicken Vegetables & Rice Baby Food Protein Pouch 6+ Months | 120g", "price": "$2.00", "price_calculation": "$1.67 per 100g", "category": "Baby"},
{"title": "Rafferty's Garden Blueberry Sticks 8M+ | 15g", "price": "$2.00", "price_calculation": "$13.33 per 100g", "category": "Baby"},
{"title": "Rafferty's Garden Pumpkin & Spinach Pasta Bake Baby Food Prebiotics Pouch 6+ Months | 120g", "price": "$2.00", "price_calculation": "$1.67 per 100g", "category": "Baby"},
{"title": "Rafferty's Garden Spinach Apple Broccoli & Pea and Nothing Else Baby Food Puree Pouch 4+ Months | 120g", "price": "$2.00", "price_calculation": "$1.67 per 100g", "category": "Baby"},
{"title": "Rafferty's Garden Pumpkin Apple & Sweetcorn and Nothing Else Baby Food Puree Pouch 4+ Months | 120g", "price": "$2.00", "price_calculation": "$1.67 per 100g", "category": "Baby"},
{"title": "Whispers Shiraz 750mL | 1 Each", "price": "$5.00", "price_calculation": "$6.67 per 1L", "category": "Liquor"},
{"title": "Henninger Lager Can 500mL | 4 Pack", "price": "$14.00", "price_calculation": "$7.00 per 1L", "category": "Liquor"},
{"title": "Philadelphia Regular Cream Cheese Block | 250g", "price": "$5.70", "price_calculation": "$22.80 per 1kg", "category": "Bonus Cookware Credits"},
{"title": "Wild Turkey American Honey Liqueur 700mL | 1 Each", "price": "$48.00", "price_calculation": "$68.57 per 1L", "category": "Liquor"},
{"title": "Glad Kitchen Tidy Bags Wavetop Tie Medium | 72 pack", "price": "$6.00", "price_calculation": "$8.33 per 100ea", "category": "Bonus Cookware Credits"},
{"title": "Canadian Club Dry Can 375mL | 10 pack", "price": "$47.00", "price_calculation": "$12.53 per 1L", "category": "Liquor"},
{"title": "Uncle Tobys Le Snak Dip & Crackers Tasty Cheese Variety Pack | 264g", "price": "$9.00", "price_calculation": "$3.41 per 100g", "category": "Bonus Cookware Credits"},
{"title": "Wolf Blass Red Label Shiraz Cabernet 750mL | 1 Each", "price": "$7.00", "price_calculation": "$9.33 per 1L", "category": "Liquor"},
{"title": "Sanitarium Up&Go Protein Energize Liquid Breakfast Vanilla 12X250mL | 3L", "price": "$14.50", "price_calculation": "$4.83 per 1L", "category": "Bonus Cookware Credits"},
{"title": "Jim Beam White Double Serve 6.7% Can 375mL | 10 Pack", "price": "$48.00", "price_calculation": "$12.80 per 1L", "category": "Liquor"},
{"title": "Maggi Fusian Soupy Malaysian Laksa Flavour Noodles 5 Pack | 345g", "price": "$2.75", "price_calculation": "$0.80 per 100g", "category": "Bonus Cookware Credits"},
{"title": "Veuve Clicquot Yellow Label Brut NV 750mL | 1 Each", "price": "$82.00", "price_calculation": null, "category": "Liquor"},
{"title": "Sunrice Low GI White Rice | 1kg", "price": "$3.50", "price_calculation": "$0.35 per 100g", "category": "Bonus Cookware Credits"},
{"title": "High Commissioner Blended Scotch Whisky 700mL | 1 Each", "price": "$42.00", "price_calculation": "$60.00 per 1L", "category": "Liquor"},
{"title": "Colgate Sensitive Pro Relief Repair & Prevent Toothpaste | 110g", "price": "$5.50", "price_calculation": "$5.00 per 100g", "category": "Bonus Cookware Credits"},
{"title": "Jim Beam White & Cola Can 375mL | 10 Pack", "price": "$47.00", "price_calculation": "$12.53 per 1L", "category": "Liquor"},
{"title": "Uncle Tobys Oats Quick Sachets Berry Variety | 350g", "price": "$6.30", "price_calculation": "$1.80 per 100g", "category": "Bonus Cookware Credits"},
{"title": "Jack Daniels American Serve & Cola 250mL | 4 Pack", "price": "$33.00", "price_calculation": "$33.00 per 1L", "category": "Liquor"},
{"title": "Bulla Creamy Classics Neapolitan Cone 4 Pack | 520mL", "price": "$7.00", "price_calculation": "$1.35 per 100mL", "category": "Bonus Cookware Credits"},
{"title": "Banrock Station Moscato 750mL | 1 Each", "price": "$9.00", "price_calculation": "$12.00 per 1L", "category": "Liquor"},
{"title": "Fancy Feast Classic Cat Food Chicken Feast In Gravy | 85g", "price": "$1.90", "price_calculation": "$2.24 per 100g", "category": "Bonus Cookware Credits"},
{"title": "Winton Road Barossa Cabernet Sauvignon 750mL | 1 Each", "price": "$20.00", "price_calculation": "$26.67 per 1L", "category": "Liquor"},
{"title": "Continental Cup A Soup Pepper Steak & Mushroom With Croutons Serves 2 | 52g", "price": "$2.80", "price_calculation": "$5.38 per 100g", "category": "Bonus Cookware Credits"},
{"title": "Wynns Coonawarra Shiraz 750mL | 1 Each", "price": "$14.00", "price_calculation": "$18.67 per 1L", "category": "Liquor"},
{"title": "Continental Cup A Soup Roast Chicken Hearty Soup Serves 2 | 75g", "price": "$2.80", "price_calculation": "$3.73 per 100g", "category": "Bonus Cookware Credits"},
{"title": "Victoria Bitter Can 375mL | 24 Pack", "price": "$55.00", "price_calculation": "$0.61 per 100mL", "category": "Liquor"},
{"title": "Uncle Tobys Chewy Apricot Wholegrain Oats Bars 6 Pack | 185g", "price": "$3.50", "price_calculation": "$1.89 per 100g", "category": "Bonus Cookware Credits"},
{"title": "-196 Double Grape 6% Can 330mL | 4 Pack", "price": "$24.00", "price_calculation": "$18.18 per 1L", "category": "Liquor"},
{"title": "Bref Ultimate Gel Ultra Stain Power | 600mL", "price": "$3.50", "price_calculation": "$0.58 per 100mL", "category": "Bonus Cookware Credits"},
{"title": "Jacob's Creek Shiraz 750mL | 1 Each", "price": "$10.00", "price_calculation": "$13.33 per 1L", "category": "Liquor"},
{"title": "Golden Circle 100% Tropical Juice No Added Sugar Pineapple Fruit Juices | 2L", "price": "$3.50", "price_calculation": "$1.75 per 1L", "category": "Bonus Cookware Credits"},
{"title": "Tooheys Extra Dry Block Can 375mL | 30 Pack", "price": "$56.00", "price_calculation": null, "category": "Liquor"},
{"title": "Lindt Les Grandes Dark Chocolate & Hazelnut Block | 150g", "price": "$4.20", "price_calculation": "$2.80 per 100g", "category": "Bonus Cookware Credits"},
{"title": "Vodka O 700mL | 1 Each", "price": null, "price_calculation": null, "category": "Liquor"},
{"title": "Primo Rindless Middle Bacon | 250g", "price": "$5.00", "price_calculation": "$20.00 per 1kg", "category": "Bonus Cookware Credits"},
{"title": "Jacob's Creek Double Barrel Shiraz 750mL | 1 Each", "price": "$25.00", "price_calculation": "$33.33 per 1L", "category": "Liquor"},
{"title": "Uncle Tobys Plus Antioxidant Cereal | 435g", "price": "$5.00", "price_calculation": "$1.15 per 100g", "category": "Bonus Cookware Credits"},
{"title": "Skyy Vodka 700mL | 1 Each", "price": "$44.00", "price_calculation": "$62.86 per 1L", "category": "Liquor"},
{"title": "Dove Women Antiperspirant Invisible Dry | 220mL", "price": "$8.50", "price_calculation": "$3.86 per 100mL", "category": "Bonus Cookware Credits"},
{"title": "Gordons Pink Gin RTD Bottle 330mL | 4 Pack", "price": "$24.00", "price_calculation": "$18.18 per 1L", "category": "Liquor"},
{"title": "Colgate Total Advanced Clean Toothpaste | 200g", "price": "$10.00", "price_calculation": "$5.00 per 100g", "category": "Bonus Cookware Credits"},
{"title": "Jim Beam Double Serve Can 375mL | 6 Pack", "price": "$34.00", "price_calculation": "$15.11 per 1L", "category": "Liquor"},
{"title": "Sanitarium Up&Go Liquid Breakfast Strawberry Fridge Pack 12X250mL | 3L", "price": "$14.50", "price_calculation": "$4.83 per 1L", "category": "Bonus Cookware Credits"},
{"title": "De Bortoli Premium Sem Sauv Blanc Cask 4 Litre | 1 Each", "price": "$22.00", "price_calculation": "$5.50 per 1L", "category": "Liquor"},
{"title": "Continental French Onion Soup Serves 4 | 40g", "price": "$1.20", "price_calculation": "$3.00 per 100g", "category": "Bonus Cookware Credits"},
{"title": "Penfolds Max'S Shiraz 750mL | 1 Each", "price": "$25.00", "price_calculation": "$3.33 per 100mL", "category": "Liquor"},
{"title": "Kettle Sea Salt Potato Chips  | 70g", "price": "$1.70", "price_calculation": "$2.43 per 100g", "category": "Bonus Cookware Credits"},
{"title": "Jack Daniels Gentleman Jack & Cola Bottle 330mL | 4 Pack", "price": "$27.00", "price_calculation": null, "category": "Liquor"},
{"title": "Continental Sensation Garden Cauliflower & 4 Cheese Soup Serves 2 | 62g", "price": "$1.75", "price_calculation": "$2.82 per 100g", "category": "Bonus Cookware Credits"},
{"title": "Brookvale Union Vodka Lemon Lime Bitters Can 330mL | 6 Pack", "price": "$25.00", "price_calculation": "$12.63 per 1L", "category": "Liquor"},
{"title": "Colgate Great Regular Flavour Toothpaste | 90g", "price": "$2.00", "price_calculation": "$2.22 per 100g", "category": "Bonus Cookware Credits"},
{"title": "Gordons Gin 700mL | 1 Each", "price": "$44.00", "price_calculation": "$62.86 per 1L", "category": "Liquor"},
{"title": "Colgate Cavity Protection Cool Mint Toothpaste | 180g", "price": "$3.50", "price_calculation": "$1.94 per 100g", "category": "Bonus Cookware Credits"},
{"title": "Yarra Burn YB Prosecco 750mL | 1 Each", "price": "$7.00", "price_calculation": "$9.33 per 1L", "category": "Liquor"},
{"title": "Vanish Preen Pre-Wash Ultra Degreaser Stain Remover | 375mL", "price": "$3.50", "price_calculation": "$9.33 per 1L", "category": "Bonus Cookware Credits"},
{"title": "Lindemans Bin 65 Chardonnay 750mL | 1 Each", "price": "$8.00", "price_calculation": "$10.67 per 1L", "category": "Liquor"},
{"title": "Glad Large Wavetop Kitchen Tidy Bags | 30 pack", "price": "$4.25", "price_calculation": "$0.14 per 1ea", "category": "Bonus Cookware Credits"},
{"title": "Yellow Tail Pink Bubbles 750mL | 1 Each", "price": "$10.00", "price_calculation": "$13.33 per 1L", "category": "Liquor"},
{"title": "Perfect Italiano Mexican Blend Grated Cheese | 250g", "price": "$6.50", "price_calculation": "$26.00 per 1kg", "category": "Bonus Cookware Credits"},
{"title": "Pensilva Pinot Noir 750mL | 1 Each", "price": "$20.00", "price_calculation": "$26.67 per 1L", "category": "Liquor"},
{"title": "Perfect Italiano Original Ricotta Soft Cheese | 500g", "price": "$7.00", "price_calculation": "$14.00 per 1kg", "category": "Bonus Cookware Credits"},
{"title": "Penfolds Koonunga Hill Shiraz 750mL | 1 Each", "price": "$14.00", "price_calculation": "$18.67 per 1L", "category": "Liquor"},
{"title": "Glad Garbage Bag Wavetop Tie XL | 30 pack", "price": "$7.25", "price_calculation": "$0.24 per 1ea", "category": "Bonus Cookware Credits"},
{"title": "Hardys VR Semillon Sauvignon Blanc 1L | 1 Each", "price": "$8.00", "price_calculation": "$8.00 per 1L", "category": "Liquor"},
{"title": "Sensodyne Sensitivity Gum Extra Fresh Toothpaste | 100g", "price": "$12.30", "price_calculation": "$12.30 per 100g", "category": "Bonus Cookware Credits"},
{"title": "Berri Fresh Dry White Cask 5L | 1 Each", "price": "$22.00", "price_calculation": "$4.40 per 1L", "category": "Liquor"},
{"title": "Continental Sensation Vine Ripened Tomato & Ricotta Soup Serves 2 | 54g", "price": "$1.75", "price_calculation": "$3.24 per 100g", "category": "Bonus Cookware Credits"},
{"title": "Mildara Limestone Coast Cabernet Sauvignon 750mL | 1 Each", "price": "$24.00", "price_calculation": "$32.00 per 1L", "category": "Liquor"},
{"title": "Fancy Feast Classic Cat Food Tender Chicken & Liver | 85g", "price": "$1.90", "price_calculation": "$2.24 per 100g", "category": "Bonus Cookware Credits"},
{"title": "Tangled Vine Crisp Dry White Cask 4Litre | 1 Each", "price": "$14.00", "price_calculation": "$3.50 per 1L", "category": "Liquor"},
{"title": "Heinz Canned Baked Beans English Recipe | 300g", "price": "$2.20", "price_calculation": "$7.33 per 1kg", "category": "Bonus Cookware Credits"},
{"title": "Sensi Prosecco DOC 18K Gold 750mL | 1 Each", "price": "$20.00", "price_calculation": "$26.67 per 1L", "category": "Liquor"},
{"title": "Maggi 2 Minute Noodles Beef Single Cup | 58g", "price": "$2.50", "price_calculation": "$4.31 per 100g", "category": "Bonus Cookware Credits"},
{"title": "Wild Turkey & Cola 101 Can 375mL | 4 Pack", "price": "$32.00", "price_calculation": "$21.33 per 1L", "category": "Liquor"},
{"title": "Golden Circle 100 Percent Orange Mango Juice | 2L", "price": "$3.50", "price_calculation": "$1.75 per 1L", "category": "Bonus Cookware Credits"},
{"title": "Tooheys Extra Dry Bottle 345mL | 6 Pack", "price": "$15.00", "price_calculation": "$7.25 per 1L", "category": "Liquor"},
{"title": "Uncle Tobys Chewy Muesli Bars White Choc Chip 6 Pack | 185g", "price": "$3.50", "price_calculation": "$1.89 per 100g", "category": "Bonus Cookware Credits"},
{"title": "Uncle Toby's Strawberry Flavour Roll Ups 6 pack | 94g", "price": "$3.50", "price_calculation": "$3.72 per 100g", "category": "Bonus Cookware Credits"},
{"title": "Nescafe Scorched Almond Salted Caramel Mocha Sachets 10X18g | 10 pack", "price": "$3.80", "price_calculation": "$0.38 per 1ea", "category": "Bonus Cookware Credits"},
{"title": "Glad To Be Green Plant Bio Based Kt Bags Large | 25 pack", "price": "$5.00", "price_calculation": "$0.20 per 1ea", "category": "Bonus Cookware Credits"},
{"title": "Nescafe Blend 43 Espresso Instant Coffee | 150g", "price": "$5.75", "price_calculation": "$3.83 per 100g", "category": "Bonus Cookware Credits"},
{"title": "Coles Finest By Laurent 7 Seed & Grain Vienna | 1 each", "price": "$6.50", "price_calculation": "$6.50 per 1ea", "category": "Bonus Cookware Credits"},
{"title": "Sunrice Jasmine White Rice | 5kg", "price": "$24.00", "price_calculation": "$0.48 per 100g", "category": "Bonus Cookware Credits"},
{"title": "SEPPELT SEPPELT JEALOUS RIVALS SH", "price": null, "price_calculation": null, "category": "Liquor"},
{"title": "Brewmanity The Social Beast Pale Ale Can 375mL | 6 Pack", "price": "$25.00", "price_calculation": "$1.11 per 100mL", "category": "Liquor"},
{"title": "Olay Regenerist Cream Night Revitalising | 50g", "price": "$45.00", "price_calculation": "$90.00 per 100g", "category": "Health & Beauty"},
{"title": "Swisspers Cotton Tips Paperstems | 120 pack", "price": "$2.56", "price_calculation": "$2.13 per 100ea", "category": "Health & Beauty"},
{"title": "Billson's Creamy Soda Vodka Mixed Drink 355mL | 24 Pack", "price": "$130.00", "price_calculation": "$15.26 per 1L", "category": "Liquor"},
{"title": "L'Oreal True Match Serum Foundation Light | 30mL", "price": "$45.00", "price_calculation": "$15.00 per 10mL", "category": "Health & Beauty"},
{"title": "Dettol 2 in 1 Hands and Surfaces Antibacterial 15 Wipes | 1 pack", "price": "$3.00", "price_calculation": "$3.00 per 1ea", "category": "Health & Beauty"},
{"title": "Native Spirits McLaren Vale Modern Gin By Never Never 500mL | 1 Each", "price": "$60.00", "price_calculation": "$120.00 per 1L", "category": "Liquor"},
{"title": "L'Oreal True Match Serum Foundation Light - Medium | 30mL", "price": "$45.00", "price_calculation": "$15.00 per 10mL", "category": "Health & Beauty"},
{"title": "Swisspers Cotton Balls | 200 pack", "price": "$3.04", "price_calculation": "$1.52 per 100ea", "category": "Health & Beauty"},
{"title": "Essano Expertise Bonding Repair Leave In Treatment | 50mL", "price": "$30.00", "price_calculation": "$60.00 per 100mL", "category": "Health & Beauty"},
{"title": "Native Spirits Perth Gin By Spirits of Little Things 500mL | 1 Each", "price": "$60.00", "price_calculation": "$120.00 per 1L", "category": "Liquor"},
{"title": "L'oreal True Match Serum Foundation Medium 4-5 | 30mL", "price": "$45.00", "price_calculation": "$15.00 per 10mL", "category": "Health & Beauty"},
{"title": "Colgate Plax Mouthwash Fresh Tea | 500mL", "price": "$3.50", "price_calculation": "$0.70 per 100mL", "category": "Health & Beauty"},
{"title": "Essano Expertise Volumising Growth Conditioner | 600mL", "price": "$30.00", "price_calculation": "$5.00 per 100mL", "category": "Health & Beauty"},
{"title": "White Claw Hard Seltzer Mango 330mL | 24 Pack", "price": "$96.00", "price_calculation": "$12.12 per 1L", "category": "Liquor"},
{"title": "Oral 3D 3D Whitening Strips Sensitive | 14 pack", "price": "$45.00", "price_calculation": "$3.21 per 1ea", "category": "Health & Beauty"},
{"title": "Nivea Limited Edition Lip Care | 4.8g", "price": "$3.50", "price_calculation": "$72.92 per 100g", "category": "Health & Beauty"},
{"title": "Essano Expertise Growth + Volume Treatment | 50mL", "price": "$30.00", "price_calculation": "$60.00 per 100mL", "category": "Health & Beauty"},
{"title": "Vodka Cruiser Sugar Free Mixed Bottle 275mL | 30 Pack", "price": "$100.00", "price_calculation": null, "category": "Liquor"},
{"title": "Olay Regenerist Revitalising Cream Hydra | 50mL", "price": "$45.00", "price_calculation": "$90.00 per 100mL", "category": "Health & Beauty"},
{"title": "Colgate Blue Minty Gel Toothpaste | 165g", "price": "$3.50", "price_calculation": "$2.12 per 100g", "category": "Health & Beauty"},
{"title": "Essano Expertise Detox Conditioner | 600mL", "price": "$30.00", "price_calculation": "$5.00 per 100mL", "category": "Health & Beauty"},
{"title": "Billson's Portello Vodka Mixed Drink 355mL | 24 Pack", "price": "$130.00", "price_calculation": "$15.26 per 1L", "category": "Liquor"},
{"title": "Metamucil  Orange 72 Doses | 850g", "price": "$46.50", "price_calculation": "$5.47 per 100g", "category": "Health & Beauty"},
{"title": "Colgate 360 Sensitive Manual Toothbrush | 2 pack", "price": "$4.00", "price_calculation": "$2.00 per 1ea", "category": "Health & Beauty"},
{"title": "Essano Expertise Detox Pre Rinse Treatment | 50mL", "price": "$30.00", "price_calculation": "$60.00 per 100mL", "category": "Health & Beauty"},
{"title": "Triple G Australian Dry Gin 700mL | 1 Each", "price": "$52.00", "price_calculation": "$74.29 per 1L", "category": "Liquor"},
{"title": "Oral B Cross Action Electric Brush Replacement Head | 5 pack", "price": "$46.80", "price_calculation": "$9.36 per 1ea", "category": "Health & Beauty"},
{"title": "Australian Botanical Soap Lemongrass & Lemon Myrtle | 200g", "price": "$4.00", "price_calculation": "$2.00 per 100g", "category": "Health & Beauty"},
{"title": "Nicorette Quit Smoking Extra Strength Nicotine Gum Icy Mint | 75 pack", "price": "$30.00", "price_calculation": "$30.00 per 1ea", "category": "Health & Beauty"},
{"title": "Victoria Bitter Bottle 750mL | 12 Pack", "price": "$67.50", "price_calculation": "$7.50 per 1L", "category": "Liquor"},
{"title": "Oral B Power Brush Refill Eb60 Extra Sensitive | 5 pack", "price": "$49.00", "price_calculation": "$9.80 per 1ea", "category": "Health & Beauty"},
{"title": "Dove Beauty Bar Regular | 4 pack", "price": "$4.70", "price_calculation": "$1.18 per 1ea", "category": "Health & Beauty"},
{"title": "Nicorette Quit Smoking Regular Strength Nicotine Gum Classic | 75 pack", "price": "$30.00", "price_calculation": "$30.00 per 1ea", "category": "Health & Beauty"},
{"title": "Somersby Pear Cider Can 375mL | 30 Pack", "price": "$75.00", "price_calculation": "$6.67 per 1L", "category": "Liquor"},
{"title": "Nicorette Quit Smoking Regular Strength Nicotine Gum Icy Mint | 150 pack", "price": "$49.99", "price_calculation": "$0.33 per 1ea", "category": "Health & Beauty"},
{"title": "Libra Invisible Pads Goodnight | 8 pack", "price": "$5.50", "price_calculation": "$0.69 per 1ea", "category": "Health & Beauty"},
{"title": "Swisse Ultiboost Hs Cranberry Capsules | 30 pack", "price": "$30.00", "price_calculation": "$1.00 per 1ea", "category": "Health & Beauty"},
{"title": "Ketel One Vodka 700mL | 1 Each", "price": "$75.00", "price_calculation": "$107.14 per 1L", "category": "Liquor"},
{"title": "Nicorette Quit Smoking Regular Strength Nicotine Gum Spearmint | 150 pack", "price": "$49.99", "price_calculation": "$0.33 per 1ea", "category": "Health & Beauty"},
{"title": "Colgate Sensitive Pro Relief Enamel Repair Toothpaste | 110g", "price": "$5.50", "price_calculation": "$5.00 per 100g", "category": "Health & Beauty"},
{"title": "Gillette Venus Smooth Value Pack Razor Blade Refills | 8 pack", "price": "$30.50", "price_calculation": "$3.81 per 1ea", "category": "Health & Beauty"},
{"title": "Kaiju Krush Tropical Ale Can 375mL | 24 Pack", "price": "$77.00", "price_calculation": "$0.86 per 100mL", "category": "Liquor"},
{"title": "Nicorette Quit Smoking Extra Strength Nicotine Gum Spearmint | 150 pack", "price": "$49.99", "price_calculation": "$0.33 per 1ea", "category": "Health & Beauty"},
{"title": "Nivea Men Sensitive Protect Aerosol Antiperspirant Deodorant | 250mL", "price": "$5.95", "price_calculation": "$2.38 per 100mL", "category": "Health & Beauty"},
{"title": "Blackmores Probiotics+ Daily Health Capsules | 30 pack", "price": "$31.00", "price_calculation": "$103.34 per 100ea", "category": "Health & Beauty"},
{"title": "Penfolds Grandfather Fine Old Liqueur Tawny 750mL | 1 Each", "price": "$105.00", "price_calculation": "$140.00 per 1L", "category": "Liquor"},
{"title": "Nicorette Quit Smoking Regular Strength Nicotine Gum Classic | 150 pack", "price": "$49.99", "price_calculation": "$0.33 per 1ea", "category": "Health & Beauty"},
{"title": "Colgate Regular Pump Toothpaste | 130g", "price": "$6.00", "price_calculation": "$4.62 per 100g", "category": "Health & Beauty"},
{"title": "Nivea Cellular Expert Filler Hyaluronic Acid Serum | 30mL", "price": "$31.50", "price_calculation": "$105.00 per 100mL", "category": "Health & Beauty"},
{"title": "-196 Double Lemon & Vodka Can 330ml | 30 Pack", "price": "$135.00", "price_calculation": "$13.64 per 1L", "category": "Liquor"},
{"title": "Nicorette Quit Smoking Extra Strength Nicotine Gum Classic | 150 pack", "price": "$49.99", "price_calculation": "$0.33 per 1ea", "category": "Health & Beauty"},
{"title": "Palmolive Naturals Hypoallergenic Mild & Sensitive Body Wash | 1L", "price": "$6.00", "price_calculation": "$0.60 per 100mL", "category": "Health & Beauty"},
{"title": "Invisible Zinc Tinted Daywear SPF 30 Light | 50g", "price": "$32.00", "price_calculation": "$64.00 per 100g", "category": "Health & Beauty"},
{"title": "Jack Daniels Double Jack & No Sugar Cans 375mL | 24 Pack", "price": "$146.00", "price_calculation": "$16.22 per 1L", "category": "Liquor"},
{"title": "Braun Face Mini Hair Remover | 1 each", "price": "$50.00", "price_calculation": "$50.00 per 1ea", "category": "Health & Beauty"},
{"title": "Palmolive Hydrating Shower Gel | 1L", "price": "$6.00", "price_calculation": "$0.60 per 100mL", "category": "Health & Beauty"},
{"title": "L'Oreal Paris Infallible More Than Concealer Caramel | 11mL", "price": "$32.00", "price_calculation": "$29.09 per 10mL", "category": "Health & Beauty"},
{"title": "Vodka Cruiser Double Raspberry Can 375mL | 24 Pack", "price": "$137.00", "price_calculation": "$15.22 per 1L", "category": "Liquor"},
{"title": "Oral B Vitality Ecobox 3D White Electric Toothbrush | 1 pack", "price": "$50.00", "price_calculation": "$50.00 per 1ea", "category": "Health & Beauty"},
{"title": "Palmolive Men Active Shower Gel | 500mL", "price": "$6.50", "price_calculation": "$1.30 per 100mL", "category": "Health & Beauty"},
{"title": "L'Oreal Paris Infallible More Than Concealer Bisque | 11mL", "price": "$32.00", "price_calculation": "$29.09 per 10mL", "category": "Health & Beauty"},
{"title": "Moon Dog Lager Can 330mL | 24 Pack", "price": "$57.00", "price_calculation": "$7.20 per 1L", "category": "Liquor"},
{"title": "Oral B Vitality Ecobox Cross Action Electric Toothbrush | 1 pack", "price": "$50.00", "price_calculation": "$50.00 per 1ea", "category": "Health & Beauty"},
{"title": "Colgate 360 Advanced Medium Toothbrush | 4 pack", "price": "$9.00", "price_calculation": "$2.25 per 1ea", "category": "Health & Beauty"},
{"title": "Scholl Wart & Verruca Freeze Remover Kit | 1 pack", "price": "$32.00", "price_calculation": "$32.00 per 1ea", "category": "Health & Beauty"},
{"title": "Fat Pixie Lower Sugar Strawberry & Lime Cider Can 375mL | 24 Pack", "price": "$58.00", "price_calculation": "$6.44 per 1L", "category": "Liquor"},
{"title": "Oral B Vitality Frozen + Star Wars Electric Toothbrush | 1 pack", "price": "$50.00", "price_calculation": "$50.00 per 1ea", "category": "Health & Beauty"},
{"title": "Johnson's Body Care Moisturising Body Wash | 1L", "price": "$9.10", "price_calculation": "$0.91 per 100mL", "category": "Health & Beauty"},
{"title": "Lifespace Urogen For Women | 40 pack", "price": "$32.00", "price_calculation": "$80.00 per 100ea", "category": "Health & Beauty"},
{"title": "Coopers Sparkling Ale Bottle 750mL | 12 Pack", "price": "$68.00", "price_calculation": "$0.76 per 100mL", "category": "Liquor"},
{"title": "Flawless Dermaplane | 1 each", "price": "$50.00", "price_calculation": "$50.00 per 1ea", "category": "Health & Beauty"},
{"title": "Colgate Total Gum Health Toothpaste | 200g", "price": "$10.00", "price_calculation": "$5.00 per 100g", "category": "Health & Beauty"},
{"title": "Swisse Ultiboost Immune Action | 60 pack", "price": "$32.00", "price_calculation": "$53.33 per 100ea", "category": "Health & Beauty"},
{"title": "Mountain Goat Organic Steam Ale Can 375mL | 24 Pack", "price": "$69.00", "price_calculation": "$7.67 per 1L", "category": "Liquor"},
{"title": "Essano Facvisible Repair Facial Elixirial Elixir | 20mL", "price": "$50.00", "price_calculation": "$250.00 per 100mL", "category": "Health & Beauty"},
{"title": "Bosisto's Sugar Free Eucalyptus Throat Lozenges | 50g", "price": "$2.50", "price_calculation": "$5.00 per 100g", "category": "Health & Beauty"},
{"title": "Swisse Beauty Collagen Renew Powder | 120g", "price": "$32.00", "price_calculation": "$26.67 per 100g", "category": "Health & Beauty"},
{"title": "Wandering Distillery Odyssey Gin 700mL | 1 Each", "price": "$76.00", "price_calculation": "$108.57 per 1L", "category": "Liquor"},
{"title": "Colgate Optic White Pro Series 4.5% Express Pen | 1 pack", "price": "$50.00", "price_calculation": "$50.00 per 1ea", "category": "Health & Beauty"},
{"title": "Palmolive Foam Liquid Soap Limited Edition Pump | 250mL", "price": "$3.20", "price_calculation": "$1.28 per 100mL", "category": "Health & Beauty"},
{"title": "L'Oreal Clinically Proven Lash Serum | 2mL", "price": "$32.00", "price_calculation": "$160.00 per 10mL", "category": "Health & Beauty"},
{"title": "Brookvale Union Ginger Beer Tropical Can 330mL | 24 Pack", "price": "$83.00", "price_calculation": "$10.48 per 1L", "category": "Liquor"},
{"title": "Oral B Vitality Ecobox Precision Clean Electric Toothbrush | 1 pack", "price": "$50.00", "price_calculation": "$50.00 per 1ea", "category": "Health & Beauty"},
{"title": "Mitchum Men's Roll On Unscented Antiperspirant Deodorant  | 50mL", "price": "$3.50", "price_calculation": "$7.00 per 100mL", "category": "Health & Beauty"},
{"title": "Revlon Photoready Rose Glow Primer | 30mL", "price": "$32.00", "price_calculation": "$10.67 per 10mL", "category": "Health & Beauty"},
{"title": "Boatrocker Jungle Gin 700mL | 1 Each", "price": "$85.00", "price_calculation": "$121.43 per 1L", "category": "Liquor"},
{"title": "Nicabate CQ Patch 21Mg | 14 pack", "price": "$50.00", "price_calculation": "$3.57 per 1ea", "category": "Health & Beauty"},
{"title": "Nivea Men Black And White Invisible Roll On Antiperspirant Deodorant | 50mL", "price": "$3.69", "price_calculation": "$7.38 per 100mL", "category": "Health & Beauty"},
{"title": "Revlon Photoready Prime Plus Primer | 30mL", "price": "$32.00", "price_calculation": "$10.67 per 10mL", "category": "Health & Beauty"},
{"title": "Billson's Grape Bubblegum Vodka Mixed Drink Can 355mL | 24 Pack", "price": "$130.00", "price_calculation": "$15.26 per 1L", "category": "Liquor"},
{"title": "Olay Mask AHA Vitamin C Resurfacing 2 Step Peel Kit | 1 pack", "price": "$55.00", "price_calculation": "$55.00 per 1ea", "category": "Health & Beauty"},
{"title": "Nivea Men Shaving Gel for Sensitive Skin | 200mL", "price": "$5.25", "price_calculation": "$2.63 per 100mL", "category": "Health & Beauty"},
{"title": "L'oreal Paris 2 Step Lipstick Toujours Toffee | 5.7mL", "price": "$32.00", "price_calculation": "$56.14 per 10mL", "category": "Health & Beauty"},
{"title": "Rocky Jones Signature Gin 700mL | 1 Each", "price": "$72.00", "price_calculation": "$102.86 per 1L", "category": "Liquor"},
{"title": "Swisse Beauty Collagen Glow With Collagen Peptides | 120 pack", "price": "$56.00", "price_calculation": "$46.67 per 100ea", "category": "Health & Beauty"},
{"title": "Colgate 360 Advanced Medium Manual Toothbrush | 1 pack", "price": "$6.00", "price_calculation": "$6.00 per 1ea", "category": "Health & Beauty"},
{"title": "L'Oreal Paris Infallible 2Step Lipstick Proof Rose | 5.7mL", "price": "$32.00", "price_calculation": "$56.14 per 10mL", "category": "Health & Beauty"},
{"title": "Cruiser Spritz Summer Berry Can 275mL | 24 Pack", "price": "$81.00", "price_calculation": "$12.27 per 1L", "category": "Liquor"},
{"title": "Olay Regenerist Retinol 24 Night Face Moisturiser | 50g", "price": "$59.00", "price_calculation": "$118.00 per 100g", "category": "Health & Beauty"},
{"title": "Rexona Men Antiperspirant Sport Fresh | 250mL", "price": "$6.00", "price_calculation": "$2.40 per 100mL", "category": "Health & Beauty"},
{"title": "Hough Diagnostic Home Test Kit UTI | 4 pack", "price": "$32.00", "price_calculation": "$8.00 per 1ea", "category": "Health & Beauty"},
{"title": "CBCo Bertie Cold Pressed Apple Cider Can 375mL | 24 Pack", "price": "$74.00", "price_calculation": "$8.22 per 1L", "category": "Liquor"},
{"title": "Olay Eyes Pro-Retinol Eye Treatment | 15mL", "price": "$60.00", "price_calculation": "$400.03 per 100mL", "category": "Health & Beauty"},
{"title": "Strepsils Double Antibacterial  Soothing Sore Throat  Lozenges Honey and Lemon | 16 pack", "price": "$6.00", "price_calculation": "$0.38 per 1ea", "category": "Health & Beauty"},
{"title": "Comvita Olive Leaf Extract Natural | 500mL", "price": "$32.50", "price_calculation": "$6.50 per 100mL", "category": "Health & Beauty"},
{"title": "XXXX Gold Can 375mL | 24 Pack", "price": "$51.00", "price_calculation": "$5.67 per 1L", "category": "Liquor"},
{"title": "Olay Eyes Ultimate Eye Cream | 15mL", "price": "$60.00", "price_calculation": "$400.03 per 100mL", "category": "Health & Beauty"},
{"title": "Dettol Profresh Shower Gel Body Wash Lemon and Lime | 950mL", "price": "$7.35", "price_calculation": "$0.77 per 100mL", "category": "Health & Beauty"},
{"title": "Swisse Ultiboost Ashwagandha Calm+ | 60 pack", "price": "$32.50", "price_calculation": "$0.54 per 1ea", "category": "Health & Beauty"},
{"title": "Deeds Double Time Hazy Pale Can 375mL | 24 Pack", "price": "$60.00", "price_calculation": "$6.67 per 1L", "category": "Liquor"},
{"title": "Olay Eye Deep Hydrating Gel | 15mL", "price": "$60.00", "price_calculation": "$400.03 per 100mL", "category": "Health & Beauty"},
{"title": "Colgate Total Mint Waxed Dental Floss | 100metre", "price": "$8.00", "price_calculation": "$0.08 per 1M", "category": "Health & Beauty"},
{"title": "Nicorette Quit Smoking Nicotine 16 hour Invisipatch Step 1 25mg | 7 pack", "price": "$33.00", "price_calculation": "$4.71 per 1ea", "category": "Health & Beauty"},
{"title": "Vodka Cruiser Double Guava Can 375mL | 24 Pack", "price": "$137.00", "price_calculation": "$15.22 per 1L", "category": "Liquor"},
{"title": "Olay Regenerist Whip Active Moisturiser Cream | 50g", "price": "$60.00", "price_calculation": "$120.00 per 100g", "category": "Health & Beauty"},
{"title": "Tampax Pearl Compak Regular Tampon With Applicator | 18 pack", "price": "$8.50", "price_calculation": "$0.47 per 1ea", "category": "Health & Beauty"},
{"title": "Revlon Light / Medium Mineral Make Up Powder | 28.3g", "price": "$33.00", "price_calculation": "$11.66 per 10g", "category": "Health & Beauty"},
{"title": "Dainton Flamingo Pink Lemonade Sour Can 355mL | 4 Pack", "price": "$15.00", "price_calculation": "$10.56 per 1L", "category": "Liquor"},
{"title": "Olay Luminous Whip Face Cream | 50g", "price": "$60.00", "price_calculation": "$120.00 per 100g", "category": "Health & Beauty"},
{"title": "Dove Antiperspirant Pomegranate | 220mL", "price": "$8.50", "price_calculation": "$3.86 per 100mL", "category": "Health & Beauty"},
{"title": "Neutrogena Rapid Wrinkle Repair Retinol Regenerating Cream | 48g", "price": "$33.00", "price_calculation": "$68.75 per 100g", "category": "Health & Beauty"},
{"title": "Oakdene Rose 750mL | 1 Each", "price": "$26.00", "price_calculation": "$34.67 per 1L", "category": "Liquor"},
{"title": "Olay Regenerist Whip UV SPF 30 Active Moisturiser | 50g", "price": "$60.00", "price_calculation": "$120.00 per 100g", "category": "Health & Beauty"},
{"title": "Colgate 360 Advanced Soft Toothbrush | 4 pack", "price": "$9.00", "price_calculation": "$2.25 per 1ea", "category": "Health & Beauty"},
{"title": "L'Oreal Paris Infallible Matte Finish Foundation Rose Vanilla | 35mL", "price": "$33.00", "price_calculation": "$9.43 per 10mL", "category": "Health & Beauty"},
{"title": "Antipodes Espresso Liqueur 200mL | 1 Each", "price": "$30.00", "price_calculation": "$150.00 per 1L", "category": "Liquor"},
{"title": "Olay Eyes Retinol24 Night Eye Cream | 15mL", "price": "$60.00", "price_calculation": "$400.03 per 100mL", "category": "Health & Beauty"},
{"title": "Sensodyne Complete Care Toothpaste X-fresh | 100g", "price": "$12.30", "price_calculation": "$12.30 per 100g", "category": "Health & Beauty"},
{"title": "L'Oreal Infallible Matte Finish Foundation Rose Beige | 35mL", "price": "$33.00", "price_calculation": "$9.43 per 10mL", "category": "Health & Beauty"},
{"title": "Pizzini Brachetto 750mL | 1 Each", "price": "$30.00", "price_calculation": "$40.00 per 1L", "category": "Liquor"},
{"title": "Metamucil Fibre Caps | 300 pack", "price": "$60.00", "price_calculation": "$0.20 per 1ea", "category": "Health & Beauty"},
{"title": "Tresemme Shampoo Smooth & Silky | 940mL", "price": "$14.00", "price_calculation": "$1.49 per 100mL", "category": "Health & Beauty"},
{"title": "L'Oreal Paris Infallible Matte Finish Foundation Sand | 35mL", "price": "$33.00", "price_calculation": "$9.43 per 10mL", "category": "Health & Beauty"},
{"title": "Native Spirits Tasmanian Pepperberry Gin By Lawrenny 500mL | 1 Each", "price": "$55.00", "price_calculation": "$110.00 per 1L", "category": "Liquor"},
{"title": "Olay Luminous Niacinmaide + Hyaluronic Super Serum | 30mL", "price": "$60.00", "price_calculation": "$200.01 per 100mL", "category": "Health & Beauty"},
{"title": "Gillette Mach3+ Razor Cartridge | 4 pack", "price": "$18.50", "price_calculation": "$4.63 per 1ea", "category": "Health & Beauty"},
{"title": "L'Oreal Infallible Matte Finish Foundation Golden Amber | 35mL", "price": "$33.00", "price_calculation": "$9.43 per 10mL", "category": "Health & Beauty"},
{"title": "Stonier Pinot Noir 750mL | 1 Each", "price": "$40.00", "price_calculation": "$53.33 per 1L", "category": "Liquor"},
{"title": "Olay Luminous Niacinamide + Cica Super Serum | 30mL", "price": "$60.00", "price_calculation": "$200.01 per 100mL", "category": "Health & Beauty"},
{"title": "Head & Shoulders Shampoo Smooth & Silky | 660mL", "price": "$21.00", "price_calculation": "$3.18 per 100mL", "category": "Health & Beauty"},
{"title": "L'Oreal Infallible Matte Finish Foundation Golden Sand | 35mL", "price": "$33.00", "price_calculation": "$9.43 per 10mL", "category": "Health & Beauty"},
{"title": "Bodriggy Speccy Juice Hazy IPA Can 355mL | 24 Pack", "price": "$60.00", "price_calculation": "$7.04 per 1L", "category": "Liquor"},
{"title": "Olay Luminous Niacinamide Super Serum | 30mL", "price": "$60.00", "price_calculation": "$200.01 per 100mL", "category": "Health & Beauty"},
{"title": "Swisse Ultiboost Liver Detox Tablets | 60 pack", "price": "$22.00", "price_calculation": "$36.67 per 100ea", "category": "Health & Beauty"},
{"title": "Glow Lab Hydrating Conditioner | 600mL", "price": "$33.00", "price_calculation": "$5.50 per 100mL", "category": "Health & Beauty"},
{"title": "Billson's Tropical Punch Vodka Mixed Drink Can 355mL | 24 Pack", "price": "$130.00", "price_calculation": "$15.26 per 1L", "category": "Liquor"},
{"title": "Olay Regenerist Collagen Peptide 24 Serum | 30mL", "price": "$60.00", "price_calculation": "$200.01 per 100mL", "category": "Health & Beauty"},
{"title": "Coles Twin Blade Disposable Razor Women | 10 pack", "price": "$2.50", "price_calculation": "$0.25 per 1ea", "category": "Health & Beauty"},
{"title": "Nicorette Invisipatch 15Mg | 7 pack", "price": "$33.00", "price_calculation": "$4.71 per 1ea", "category": "Health & Beauty"},
{"title": "Penfolds St Henri Shiraz 2017 750mL | 1 Each", "price": "$135.00", "price_calculation": "$180.00 per 1L", "category": "Liquor"},
{"title": "Olay Regenerist Collagen Peptide 24 Eye Cream | 15mL", "price": "$60.00", "price_calculation": "$40.00 per 10mL", "category": "Health & Beauty"},
{"title": "Coles Paw Paw Ointment | 25g", "price": "$2.55", "price_calculation": "$10.20 per 100g", "category": "Health & Beauty"},
{"title": "Revlon Colorstay Grip Matte Primer | 30mL", "price": "$33.00", "price_calculation": "$11.00 per 10mL", "category": "Health & Beauty"},
{"title": "Melbourne Bitter Bottle 750mL | 12 Pack", "price": "$76.00", "price_calculation": "$8.44 per 1L", "category": "Liquor"},
{"title": "Olay Regenerist Collagen Peptide 24 Moisturiser | 50g", "price": "$60.00", "price_calculation": "$120.00 per 100g", "category": "Health & Beauty"},
{"title": "Coles Nail Polish Remover Acetone | 125mL", "price": "$2.80", "price_calculation": "$2.24 per 100mL", "category": "Health & Beauty"},
{"title": "L'Oreal Pro XXL Volume Black Mascara | 12mL", "price": "$33.00", "price_calculation": "$275.00 per 100mL", "category": "Health & Beauty"},
{"title": "West Coast Cooler Bottles 250mL | 24 Pack", "price": "$86.00", "price_calculation": "$14.33 per 1L", "category": "Liquor"},
{"title": "Oral B Whte Emulsions Apply Go Light | 1 pack", "price": "$60.00", "price_calculation": "$60.00 per 1ea", "category": "Health & Beauty"},
{"title": "Palmolive Raspberry Heavenly Hands Foaming Hand Wash | 250mL", "price": "$3.20", "price_calculation": "$1.28 per 100mL", "category": "Health & Beauty"},
{"title": "L'Oreal Pro XXL Xtension Black Mascara | 12mL", "price": "$33.00", "price_calculation": "$275.00 per 100mL", "category": "Health & Beauty"},
{"title": "Midori Illusion Bottle 275mL | 24 Pack", "price": "$104.00", "price_calculation": "$15.76 per 1L", "category": "Liquor"},
{"title": "Olay Luminous Niacinamide + Vitamin C Moisturiser | 50g", "price": "$60.00", "price_calculation": "$120.00 per 100g", "category": "Health & Beauty"},
{"title": "Colgate Kids Junior Bluey Manual Soft Toothbrush | 1 each", "price": "$3.50", "price_calculation": "$3.50 per 1ea", "category": "Health & Beauty"},
{"title": "L'Oreal Pro XXL Lift Black Mascara | 12mL", "price": "$33.00", "price_calculation": "$275.00 per 100mL", "category": "Health & Beauty"},
{"title": "Vodka Cruiser Double Lemon Lime Can 375mL | 24 Pack", "price": "$137.00", "price_calculation": "$15.22 per 1L", "category": "Liquor"},
{"title": "Olay Luminous Vitamin C + Niacinamide Eye Cream | 15mL", "price": "$60.00", "price_calculation": "$400.03 per 100mL", "category": "Health & Beauty"},
{"title": "Libra Liners Double 2-in-1 | 25 pack", "price": "$3.50", "price_calculation": "$0.14 per 1ea", "category": "Health & Beauty"},
{"title": "Glow Lab Thick & Full Shampoo | 600mL", "price": "$33.00", "price_calculation": "$5.50 per 100mL", "category": "Health & Beauty"},
{"title": "Jack Daniels American Serve & Cola 250mL | 24 Pack", "price": "$156.00", "price_calculation": "$26.00 per 1L", "category": "Liquor"},
{"title": "Olay Luminous Niacinamide + AHA Cream | 50g", "price": "$60.00", "price_calculation": "$120.00 per 100g", "category": "Health & Beauty"},
{"title": "Nivea Men Cool Kick Roll On Antiperspirant Deodorant | 50mL", "price": "$3.69", "price_calculation": "$7.38 per 100mL", "category": "Health & Beauty"},
{"title": "Glow Lab Thick & Full Conditioner | 600mL", "price": "$33.00", "price_calculation": "$5.50 per 100mL", "category": "Health & Beauty"},
{"title": "Dal Zotto Fiano 750mL | 1 Each", "price": "$31.00", "price_calculation": "$41.33 per 1L", "category": "Liquor"},
{"title": "Olay Luminous Niacinamide + AHA Serum | 30mL", "price": "$60.00", "price_calculation": "$200.01 per 100mL", "category": "Health & Beauty"},
{"title": "L'Oreal True Match Liquid Foundation Vanilla | 30mL", "price": "$34.00", "price_calculation": "$11.33 per 10mL", "category": "Health & Beauty"},
{"title": "Just Pink Gin Soda 330mL | 16 Pack", "price": "$76.00", "price_calculation": "$14.39 per 1L", "category": "Liquor"},
{"title": "Olay Regenerist Antioxident Cream | 50g", "price": "$60.00", "price_calculation": "$120.00 per 100g", "category": "Health & Beauty"},
{"title": "Essano Collagen Boost Rosehip Oil Serum | 30mL", "price": "$34.00", "price_calculation": "$113.34 per 100mL", "category": "Health & Beauty"},
{"title": "Queenscliff Distillery Citrus Gin 700mL | 1 Each", "price": "$77.00", "price_calculation": "$110.00 per 1L", "category": "Liquor"},
{"title": "Olay Regenerist Antioxident Serum | 30mL", "price": "$60.00", "price_calculation": "$200.01 per 100mL", "category": "Health & Beauty"},
{"title": "Invisible Zinc Sheer Defence Tinted Moisturiser SPF 50 Light | 50g", "price": "$34.00", "price_calculation": "$68.00 per 100g", "category": "Health & Beauty"},
{"title": "Invisible Zinc Sheer Defence Tinted Moisturiser SPF 50 Medium | 50g", "price": "$34.00", "price_calculation": "$68.00 per 100g", "category": "Health & Beauty"},
{"title": "L'Oreal True Match Liquid Foundation Honey | 30mL", "price": "$34.00", "price_calculation": "$11.33 per 10mL", "category": "Health & Beauty"},
{"title": "L'Oreal True Match Liquid Foundation Golden Sand | 30mL", "price": "$34.00", "price_calculation": "$11.33 per 10mL", "category": "Health & Beauty"},
{"title": "L'Oreal Infallible 24H Fresh Wear Liquid Foundation Copper | 30mL", "price": "$37.00", "price_calculation": "$12.33 per 10mL", "category": "Health & Beauty"},
{"title": "L'Oreal Infallible 24H Fresh Wear Liquid Foundation Rose Sand | 30mL", "price": "$37.00", "price_calculation": "$12.33 per 10mL", "category": "Health & Beauty"},
{"title": "Sensuous Raging Bull Energy & Libido Caps | 60 pack", "price": "$37.00", "price_calculation": "$0.62 per 1ea", "category": "Health & Beauty"},
{"title": "Naturopathica Horny Goat Weed For Him | 50 pack", "price": "$37.00", "price_calculation": "$0.74 per 1ea", "category": "Health & Beauty"},
{"title": "Gillette Labs Razor Blades Refills | 4 pack", "price": "$38.00", "price_calculation": "$9.50 per 1ea", "category": "Health & Beauty"},
{"title": "Revlon Colorstay Combination/Oily Longwear Makeup  Ivory | 30mL", "price": "$39.00", "price_calculation": "$13.00 per 10mL", "category": "Health & Beauty"},
{"title": "Revlon Colorstay Combination/Oily Longwear Makeup Buff | 30mL", "price": "$39.00", "price_calculation": "$13.00 per 10mL", "category": "Health & Beauty"},
{"title": "Revlon Colorstay Combination/Oily Longwear Makeup Sand Beige | 30mL", "price": "$39.00", "price_calculation": "$13.00 per 10mL", "category": "Health & Beauty"},
{"title": "Revlon Colorstay Combination/Oily Longwear Makeup Nude | 30mL", "price": "$39.00", "price_calculation": "$13.00 per 10mL", "category": "Health & Beauty"},
{"title": "Revlon Colorstay Normal/Dry Longwear Makeup Sand Beige | 30mL", "price": "$39.00", "price_calculation": "$13.00 per 10mL", "category": "Health & Beauty"},
{"title": "Revlon Colorstay Combination/Oily Longwear Makeup Fresh Beige | 30mL", "price": "$39.00", "price_calculation": "$13.00 per 10mL", "category": "Health & Beauty"},
{"title": "Revlon Colorstay Normal/Dry Longwear Makeup Nude | 30mL", "price": "$39.00", "price_calculation": "$13.00 per 10mL", "category": "Health & Beauty"},
{"title": "Revlon Colorstay Normal/Dry Longwear Makeup Medium Beige | 30mL", "price": "$39.00", "price_calculation": "$13.00 per 10mL", "category": "Health & Beauty"},
{"title": "Revlon Colorstay Normal/Dry Longwear Makeup Fresh Beige | 30mL", "price": "$39.00", "price_calculation": "$13.00 per 10mL", "category": "Health & Beauty"},
{"title": "Revlon Colorstay Normal/Dry Longwear Makeup T Beige | 30mL", "price": "$39.00", "price_calculation": "$130.00 per 100mL", "category": "Health & Beauty"},
{"title": "Fisiocrem Solugel | 250g", "price": "$39.50", "price_calculation": "$15.80 per 100g", "category": "Health & Beauty"},
{"title": "Olay Regenerist Miracle Boost Youth Pre-Essence | 40mL", "price": "$40.00", "price_calculation": "$100.00 per 100mL", "category": "Health & Beauty"},
{"title": "L'Oreal Age Perfect Golden Age Rosy Day Cream SPF15 | 50mL", "price": "$40.00", "price_calculation": "$80.00 per 100mL", "category": "Health & Beauty"},
{"title": "Nivea Sun Protect And Moisture SPF50+ | 1L", "price": "$40.00", "price_calculation": "$4.00 per 100mL", "category": "Health & Beauty"},
{"title": "Olay Regenerist Micro-Sculpting Essence Water | 150mL", "price": "$40.00", "price_calculation": "$26.67 per 100mL", "category": "Health & Beauty"},
{"title": "Quick Screen Facial Sunscreen Lotion SPF50+ | 45mL", "price": "$40.00", "price_calculation": "$88.89 per 100mL", "category": "Health & Beauty"},
{"title": "Kynd Double Strength Hyaluronic Acid+ | 30 pack", "price": "$40.00", "price_calculation": "$1.33 per 1ea", "category": "Health & Beauty"},
{"title": "Colgate Pulse Electric Toothbrush Deep Clean | 1 pack", "price": "$40.00", "price_calculation": "$40.00 per 1ea", "category": "Health & Beauty"},
{"title": "Olay Total Effects Moisturiser UV Day Cream Normal | 50g", "price": "$40.00", "price_calculation": "$80.00 per 100g", "category": "Health & Beauty"},
{"title": "Scholl Expert Care Electric Foot File System | 1 pack", "price": "$40.00", "price_calculation": "$40.00 per 1ea", "category": "Health & Beauty"},
{"title": "Blackmores Conceive Well Gold Preconception | 1 pack", "price": "$40.00", "price_calculation": "$40.00 per 1ea", "category": "Health & Beauty"},
{"title": "Olay Total Effects Bb Cream Touch Of Foundation SPF15 | 50g", "price": "$40.00", "price_calculation": "$80.00 per 100g", "category": "Health & Beauty"},
{"title": "Olay Total Effects Cream Gentle | 50g", "price": "$40.00", "price_calculation": "$80.00 per 100g", "category": "Health & Beauty"},
{"title": "Olay Total Effects UV Cream Gentle Day Cream SPF15 | 50g", "price": "$40.00", "price_calculation": "$80.00 per 100g", "category": "Health & Beauty"},
{"title": "Nicorette Quit Smoking QuickMist Nicotine Mouth Spray Freshmint | 1 Pack", "price": "$40.00", "price_calculation": "$40.00 per 1ea", "category": "Health & Beauty"},
{"title": "Nicorette Quit Smoking Regular Strength Cooldrops Nicotine Lozenge Icy Mint | 80 pack", "price": "$42.00", "price_calculation": "$0.53 per 1ea", "category": "Health & Beauty"},
{"title": "Nicorette Quit Smoking Extra Strength Cooldrops Nicotine Lozenge Icy Mint | 80 pack", "price": "$42.00", "price_calculation": "$0.53 per 1ea", "category": "Health & Beauty"},
{"title": "Nicorette Quit Smoking Extra Strength Nicotine Lozenge Fruitdrops | 80 pack", "price": "$42.00", "price_calculation": "$0.53 per 1ea", "category": "Health & Beauty"},
{"title": "Nicorette Quit Smoking Regular Strength Nicotine Lozenge Fruitdrops | 80 pack", "price": "$42.00", "price_calculation": "$0.53 per 1ea", "category": "Health & Beauty"},
{"title": "Tom Organic The Period Cup | 1 each", "price": "$42.00", "price_calculation": "$42.00 per 1ea", "category": "Health & Beauty"},
{"title": "Revlon Age Defying 3X Bare Buff Foundation SPF 20 | 30mL", "price": "$43.00", "price_calculation": "$14.33 per 10mL", "category": "Health & Beauty"},
{"title": "Revlon Age Defying 3X Soft Beige Foundation SPF 20 | 30mL", "price": "$43.00", "price_calculation": "$14.33 per 10mL", "category": "Health & Beauty"},
{"title": "Revlon Age Defying 3X Natural Beige Foundation | 30mL", "price": "$43.00", "price_calculation": "$14.33 per 10mL", "category": "Health & Beauty"},
{"title": "Revlon Age Defying 3X Medium Beige Foundation SPF 20 | 30mL", "price": "$43.00", "price_calculation": "$14.33 per 10mL", "category": "Health & Beauty"},
{"title": "Revlon Age Defying 3x Cool Beige Foundation | 30mL", "price": "$43.00", "price_calculation": "$14.33 per 10mL", "category": "Health & Beauty"},
{"title": "Nicabate Extra Fresh Mint Nicotine Chewing Gum 4mg | 200 pack", "price": "$44.00", "price_calculation": "$0.22 per 1ea", "category": "Health & Beauty"},
{"title": "First Response 14 Day Ovulation Kit | 1 pack", "price": "$44.50", "price_calculation": "$44.50 per 1ea", "category": "Health & Beauty"},
{"title": "Thankyou Hand & Body Wash Refill Botanical Sweet Orange & Almond | 3L", "price": "$44.95", "price_calculation": "$1.50 per 100mL", "category": "Health & Beauty"},
{"title": "Olay Regenerist Cream Revitalising Hyd UV | 50g", "price": "$45.00", "price_calculation": "$90.00 per 100g", "category": "Health & Beauty"},
{"title": "Kleenex Complete Clean Double Length Toilet Paper | 12 pack", "price": "$13.50", "price_calculation": "$0.31 per 100ea", "category": "Household"},
{"title": "Coles Gloves Rubber Medium | 2 pack", "price": "$1.25", "price_calculation": "$0.63 per 1ea", "category": "Household"},
{"title": "Coles Cling Wrap Super Stretch | 30 metre", "price": "$2.00", "price_calculation": "$0.07 per 1M", "category": "Household"},
{"title": "Coles Ultra Marine Fresh Bleach Toilet Gel | 700mL", "price": "$2.30", "price_calculation": "$0.33 per 100mL", "category": "Household"},
{"title": "Bostik Blu Tack | 1 pack", "price": "$2.40", "price_calculation": "$2.40 per 1ea", "category": "Household"},
{"title": "Earth Choice Laundry Liquid | 1L", "price": "$3.00", "price_calculation": "$3.00 per 1L", "category": "Household"},
{"title": "Harpic Original White & Shine Bleach Gel | 450mL", "price": "$3.50", "price_calculation": "$0.78 per 100mL", "category": "Household"},
{"title": "Coles Ultra Dishwasher Conc Powder | 1kg", "price": "$3.90", "price_calculation": "$0.39 per 100g", "category": "Household"},
{"title": "Glad To Be Green Recycled Kitchen Tidy Bags Medium | 28 pack", "price": "$4.00", "price_calculation": null, "category": "Household"},
{"title": "Chux Heavy Duty Scourer Scrub | 6 pack", "price": "$4.50", "price_calculation": "$0.75 per 1ea", "category": "Household"},
{"title": "Bref Duo Cubes 2 in 1 Formula Cistern Block Toilet Cleaner 2 pack | 100g", "price": "$5.00", "price_calculation": "$5.00 per 100g", "category": "Household"},
{"title": "Biozet Attack Regular Liquid | 2L", "price": "$12.00", "price_calculation": "$6.00 per 1L", "category": "Household"},
{"title": "Coles Ultra Sponge Scourer Heavy Duty | 3 pack", "price": "$2.00", "price_calculation": "$0.67 per 1ea", "category": "Household"},
{"title": "Bref Blue Active Toilet Cleaner Eucalyptus | 50g", "price": "$3.50", "price_calculation": "$7.00 per 100g", "category": "Household"},
{"title": "OMO Laundry Powder Ultimate Anz | 2 kg", "price": "$29.00", "price_calculation": "$14.50 per 1kg", "category": "Household"},
{"title": "Coles White Serviettes | 50 pack", "price": "$1.29", "price_calculation": "$2.58 per 100ea", "category": "Household"},
{"title": "Coles Dish Brush | 1 pack", "price": "$1.75", "price_calculation": "$1.75 per 1ea", "category": "Household"},
{"title": "Glad To Be Green Plant Bio Based Kt Bags Medium | 30 pack", "price": "$5.00", "price_calculation": "$0.17 per 1ea", "category": "Household"},
{"title": "Coles Aluminium Foil Wrap 30m x 30cm | 30m", "price": "$5.80", "price_calculation": "$0.19 per 1M", "category": "Household"},
{"title": "Kleenex Aloe Vera & Vitamin E 3 Ply Facial Tissues Cube | 60 Pack", "price": "$3.00", "price_calculation": "$0.05 per 1ea", "category": "Household"},
{"title": "Naturale 3Ply 100% Recycled Toilet Tissue | 12 pack", "price": "$6.50", "price_calculation": "$0.30 per 100ea", "category": "Household"},
{"title": "Icare Facial Tissues 100% Recycled Aloe Vera | 95 pack", "price": "$2.20", "price_calculation": "$2.32 per 100ea", "category": "Household"},
{"title": "Coles Super Strength Lemon Dishwashing Liquid | 1L", "price": "$2.30", "price_calculation": "$0.23 per 100mL", "category": "Household"},
{"title": "Multix Aluminium Foil Wrap 30m x 30cm | 30m", "price": "$7.65", "price_calculation": "$0.26 per 1M", "category": "Household"},
{"title": "OMO Ultimate Laundry Liquid Sensitive  | 2L", "price": "$29.00", "price_calculation": "$14.50 per 1L", "category": "Household"},
{"title": "Coles Foam Sponge Scourer | 6 pack", "price": "$2.50", "price_calculation": "$0.42 per 1ea", "category": "Household"},
{"title": "Kleenex Flushable Wipes Unscented | 1 pack", "price": "$3.95", "price_calculation": "$0.09 per 1ea", "category": "Household"},
{"title": "Coles Ultra Sponge Scourer Non Scratch | 3 pack", "price": "$2.00", "price_calculation": "$0.67 per 1ea", "category": "Household"},
{"title": "Magic Little Trees Air Freshener | 1 pack", "price": "$2.75", "price_calculation": "$2.75 per 1ea", "category": "Household"},
{"title": "Bref Power Active Toilet Cleaner Lemon | 50g", "price": "$3.50", "price_calculation": "$7.00 per 100g", "category": "Household"},
{"title": "Ajax Spray N Wipe Lemon Citrus 5 in 1 Multi Purpose Cleaner Trigger Pack | 500mL", "price": "$3.50", "price_calculation": "$0.70 per 100mL", "category": "Household"},
{"title": "White King All Purpose Lemon Bleach | 2.5L", "price": "$3.80", "price_calculation": "$1.52 per 1L", "category": "Household"},
{"title": "Coles Lemon Fresh Laundry Powder | 4kg", "price": "$5.00", "price_calculation": "$1.25 per 1kg", "category": "Household"},
{"title": "FAB Frangipani Front & Top Loader Laundry Liquid | 2L", "price": "$8.00", "price_calculation": "$4.00 per 1L", "category": "Household"},
{"title": "Kleenex Complete Clean Toilet Paper | 1 pack", "price": "$9.00", "price_calculation": "$0.56 per 100ea", "category": "Household"},
{"title": "Jif Cream Cleanser Regular | 500mL", "price": "$4.00", "price_calculation": "$0.80 per 100mL", "category": "Household"},
{"title": "Icare 100% Recycled Toilet Tissue | 24 pack", "price": "$13.00", "price_calculation": "$0.30 per 100ea", "category": "Household"},
{"title": "Coles Pillow Sandwich Bags | 150 pack", "price": "$1.20", "price_calculation": "$0.80 per 100ea", "category": "Household"},
{"title": "Coles Ultra Shine Rinse Aid Regular | 250mL", "price": "$1.50", "price_calculation": "$0.60 per 100mL", "category": "Household"},
{"title": "Coles Ultra Disinfectant Bleach Cleaner | 1.25L", "price": "$2.30", "price_calculation": "$0.18 per 100mL", "category": "Household"},
{"title": "Coles Air Freshener Lavender & Aromatic Sage | 150g", "price": "$2.70", "price_calculation": "$1.80 per 100g", "category": "Household"},
{"title": "Coles 100% Recycled Paper Towel | 2 pack", "price": "$3.25", "price_calculation": "$2.32 per 100ea", "category": "Household"},
{"title": "Glad Medium Wavetop Kitchen Tidy Bags | 40 pack", "price": "$4.25", "price_calculation": "$0.11 per 1ea", "category": "Household"},
{"title": "Selleys Rapid Mould Killer | 500mL", "price": "$5.16", "price_calculation": "$1.03 per 100mL", "category": "Household"},
{"title": "Tv Week My Family Secret | 1 each", "price": "$5.60", "price_calculation": "$28.00 per 1kg", "category": "Household"},
{"title": "Hot Wheels Basic Car Assorted | 1 pack", "price": "$2.80", "price_calculation": "$2.80 per 1ea", "category": "Household"},
{"title": "Coles Ultra Mould Killer | 500mL", "price": "$2.95", "price_calculation": "$0.59 per 100mL", "category": "Household"},
{"title": "Glad Cling Wrap 30m X 33cm | 30m", "price": "$3.25", "price_calculation": "$0.11 per 1M", "category": "Household"},
{"title": "Kleenex Aloe Vera & Vitamin E Pocket Pack 4 Ply Facial Tissues 6x9 | 6 pack", "price": "$3.70", "price_calculation": "$6.85 per 100ea", "category": "Household"},
{"title": "Finish Regular Rinse Aid For Drier & Shinier Dishes | 250mL", "price": "$4.00", "price_calculation": "$1.60 per 100mL", "category": "Household"},
{"title": "Viva Double Length Paper Towels | 2 pack", "price": "$7.50", "price_calculation": "$3.13 per 100ea", "category": "Household"},
{"title": "Pine O Cleen Antibacterial Laundry Sanitiser Fresh Cotton | 2L", "price": "$11.25", "price_calculation": "$5.63 per 1L", "category": "Household"},
{"title": "Glad Cling Wrap Tangle Proof 40m | 1 pack", "price": "$3.50", "price_calculation": "$3.50 per 1ea", "category": "Household"},
{"title": "Coles So Soft & Strong 3 Ply Toilet Tissue Hypo Allergenic | 8 pack", "price": "$4.60", "price_calculation": "$0.58 per 1ea", "category": "Household"},
{"title": "Glad Kitchen Tidy Bags Wavetop Tie Medium | 72 pack", "price": "$6.00", "price_calculation": "$8.33 per 100ea", "category": "Household"},
{"title": "Viva Select-A-Size Paper Towels | 4 pack", "price": "$7.50", "price_calculation": "$2.08 per 100ea", "category": "Household"},
{"title": "Coles Multi Purpose Sponge Cloths | 3 pack", "price": "$1.00", "price_calculation": "$0.33 per 1ea", "category": "Household"},
{"title": "Organic Choice Multi-Purpose Cleaner Trigger Spray | 500mL", "price": "$5.50", "price_calculation": "$1.10 per 100mL", "category": "Household"},
{"title": "Coles Ultra Disinfectant Eucalyptus | 1.25L", "price": "$2.50", "price_calculation": "$0.20 per 100mL", "category": "Household"},
{"title": "Multix Small Freezer Bags | 120 pack", "price": "$3.00", "price_calculation": "$2.50 per 100ea", "category": "Household"},
{"title": "Multix Baking Paper 10m x 30cm | 10m", "price": "$4.00", "price_calculation": "$0.40 per 1M", "category": "Household"},
{"title": "Straten Small Cups 250mL | 50 pack", "price": "$4.50", "price_calculation": "$9.00 per 100ea", "category": "Household"},
{"title": "White King Powerclean Toilet Bleach Gel Eucalyptus | 700mL", "price": "$5.65", "price_calculation": "$0.81 per 100mL", "category": "Household"},
{"title": "Harpic Active Blue Cistern Block Toilet Cleaner | 114g", "price": "$6.00", "price_calculation": "$5.26 per 100g", "category": "Household"},
{"title": "Radiant Mixed Colours Laundry Powder Washing Detergent | 2kg", "price": "$10.00", "price_calculation": "$5.00 per 1kg", "category": "Household"},
{"title": "Coles Disinfectant Lavender | 2L", "price": "$1.40", "price_calculation": "$0.07 per 100mL", "category": "Household"},
{"title": "BE Distilled Water | 1L", "price": "$2.40", "price_calculation": "$2.40 per 1L", "category": "Household"},
{"title": "Multix Large Freezer Bags 45cm x 30cm | 40 pack", "price": "$3.00", "price_calculation": "$0.08 per 1ea", "category": "Household"},
{"title": "Ajax Spray N Wipe Divine Blends Vanilla & Berries | 475mL", "price": "$3.50", "price_calculation": "$0.74 per 100mL", "category": "Household"},
{"title": "Bref Ultimate Gel Ultra Stain Power | 600mL", "price": "$3.50", "price_calculation": "$0.58 per 100mL", "category": "Household"},
{"title": "Coles Bags Trolly Bin Liners | 4 pack", "price": "$1.20", "price_calculation": "$0.30 per 1ea", "category": "Household"},
{"title": "Coles Paper Dinner Plates | 20 pack", "price": "$1.50", "price_calculation": "$0.08 per 1ea", "category": "Household"},
{"title": "Earth Choice Pure Soft Fabric Softener | 1L", "price": "$2.50", "price_calculation": "$2.50 per 1L", "category": "Household"},
{"title": "Coles Ultra Non-Scratch Mesh Sponge Scourers | 3 pack", "price": "$2.80", "price_calculation": "$0.93 per 1ea", "category": "Household"},
{"title": "Vanish Preen Pre-Wash Ultra Degreaser Stain Remover | 375mL", "price": "$3.50", "price_calculation": "$9.33 per 1L", "category": "Household"},
{"title": "Glad Large Wavetop Kitchen Tidy Bags | 30 pack", "price": "$4.25", "price_calculation": "$0.14 per 1ea", "category": "Household"},
{"title": "Glad Garbage Bag Wavetop Tie XL | 30 pack", "price": "$7.25", "price_calculation": "$0.24 per 1ea", "category": "Household"},
{"title": "Easy Off Drain Cleaner Turbo Gel | 1L", "price": "$14.00", "price_calculation": "$1.40 per 100mL", "category": "Household"},
{"title": "Coles Ultra Glass & Window Cleaner | 750mL", "price": "$2.00", "price_calculation": "$0.27 per 100mL", "category": "Household"},
{"title": "Coles Ultra Dishwashing Liquid Lemon | 900mL", "price": "$3.00", "price_calculation": "$0.33 per 100mL", "category": "Household"},
{"title": "Glad To Be Green Plant Bio Based Kt Bags Large | 25 pack", "price": "$5.00", "price_calculation": "$0.20 per 1ea", "category": "Household"},
{"title": "Easy Off Bam Power Oven Heavy Duty Cleaner | 325g", "price": "$5.75", "price_calculation": "$1.77 per 100g", "category": "Household"},
{"title": "Fab Sublime Velvet Front & Top Loader Laundry Powder | 1.8kg", "price": "$8.00", "price_calculation": "$4.44 per 1kg", "category": "Household"},
{"title": "Radiant Mixed Colours Laundry Liquid Washing Detergent | 2L", "price": "$10.00", "price_calculation": "$5.00 per 1L", "category": "Household"},
{"title": "Sorbent Toilet Tissue Silky White | 24 pack", "price": "$13.00", "price_calculation": "$0.30 per 100ea", "category": "Household"},
{"title": "Coles Air Freshener Fresh Linen | 150g", "price": "$2.70", "price_calculation": "$1.80 per 100g", "category": "Household"},
{"title": "Morning Fresh Dishwashing Peach & Nectarine | 400mL", "price": "$2.75", "price_calculation": "$0.69 per 100mL", "category": "Household"},
{"title": "Steelo No Rust Scourer Stainless Steel Soap Pads | 5 pack", "price": "$3.00", "price_calculation": "$0.60 per 1ea", "category": "Household"},
{"title": "Redheads Handy Pack Matches | 270 pack", "price": "$3.30", "price_calculation": "$1.22 per 100ea", "category": "Household"},
{"title": "Ansell Pink Silverlined Gloves Size 8 | 1 pair", "price": "$3.60", "price_calculation": "$3.60 per 1ea", "category": "Household"},
{"title": "Earth Choice Antibacterial All Purpose Cleaner | 600mL", "price": "$4.00", "price_calculation": "$0.67 per 100mL", "category": "Household"},
{"title": "Multix Super Strong Drawtight Garbage Bags | 10 pack", "price": "$4.50", "price_calculation": "$0.45 per 1ea", "category": "Household"},
{"title": "Coles Laundry Sanitiser | 1L", "price": "$4.50", "price_calculation": "$4.50 per 1L", "category": "Household"},
{"title": "Tommee Tippee Narrow Neck Baby Bottle 250ml 3 Pack 0m+ | 3 pack", "price": "$12.00", "price_calculation": "$4.00 per 1ea", "category": "Baby"},
{"title": "Snickers Creamy Peanut Ice Confection Bar 6 pack | 318mL", "price": "$9.00", "price_calculation": "$2.83 per 100mL", "category": "Frozen"},
{"title": "Tommee Tippee Sportee Toddler Bottle 390ml 12m+ | 1 pack", "price": "$12.00", "price_calculation": "$12.00 per 1ea", "category": "Baby"},
{"title": "Amy's Kitchen Frozen Gluten Free Broccoli & Cheddar Bake | 270g", "price": "$9.20", "price_calculation": "$3.41 per 100g", "category": "Frozen"},
{"title": "Tommee Tippee Weighted Straw Toddler Cup 300ml | 1 pack", "price": "$12.00", "price_calculation": "$12.00 per 1ea", "category": "Baby"},
{"title": "Amy's Kitchen Frozen Gluten Free Vegetable Lasagne | 255g", "price": "$9.20", "price_calculation": "$3.61 per 100g", "category": "Frozen"},
{"title": "Munchkin Love-A-Bowls | 10 Pack", "price": "$12.20", "price_calculation": "$1.22 per 1ea", "category": "Baby"},
{"title": "Cadbury Dairy Milk Ice Cream 4 pack | 360mL", "price": "$9.50", "price_calculation": "$2.64 per 100mL", "category": "Frozen"},
{"title": "Tommee Tippee Easiflow Trainer Cup 200ml 6m+ | 1 pack", "price": "$12.30", "price_calculation": "$12.30 per 1ea", "category": "Baby"},
{"title": "Kb's Salmon Portion Skin On | 250g", "price": "$9.50", "price_calculation": "$38.00 per 1kg", "category": "Frozen"},
{"title": "Tommee Tippee Transition Baby to Toddler Cup 4m+ | 1 pack", "price": "$12.30", "price_calculation": "$12.30 per 1ea", "category": "Baby"},
{"title": "Oreo Stick Sandwich 4 Pack | 300mL", "price": "$9.50", "price_calculation": "$3.17 per 100mL", "category": "Frozen"},
{"title": "Gro To Bad Dream Buster Calming Room Spray | 70mL", "price": "$12.50", "price_calculation": "$17.86 per 100mL", "category": "Baby"},
{"title": "Connoisseur Ice Cream Mango Coconut 4 Pack | 400mL", "price": "$9.50", "price_calculation": "$2.38 per 100mL", "category": "Frozen"},
{"title": "Disney Travel Bib Mickey Mouse | 1 each", "price": "$13.00", "price_calculation": "$13.00 per 1ea", "category": "Baby"},
{"title": "Connoisseur Ice Cream Vanilla Almond 4 Pack | 400mL", "price": "$9.50", "price_calculation": "$2.38 per 100mL", "category": "Frozen"},
{"title": "Dermal Therapy Little Bodies Eczema Body Wash & Shampoo | 210mL", "price": "$13.00", "price_calculation": "$6.19 per 100mL", "category": "Baby"},
{"title": "Dr. Oetker Frozen Gluten Free Ristorante Mozzarella Pizza | 370g", "price": "$10.00", "price_calculation": "$2.70 per 100g", "category": "Frozen"},
{"title": "Tommee Tippee Antic Colic Medium Flow Teat 2 Pack 3m+ | 2 pack", "price": "$13.00", "price_calculation": "$6.50 per 1ea", "category": "Baby"},
{"title": "Birds Eye Frozen Deli Barramundi Crisp Light Batter 5 pack | 250g", "price": "$10.00", "price_calculation": "$40.00 per 1kg", "category": "Frozen"},
{"title": "B.box Spout Cup Assorted | 1 each", "price": "$13.50", "price_calculation": "$13.50 per 1ea", "category": "Baby"},
{"title": "Weis Half & Half Mango & Vanilla  | 1L", "price": "$10.00", "price_calculation": "$1.00 per 100mL", "category": "Frozen"},
{"title": "B.box Cleaning Brush Set | 1 pack", "price": "$13.50", "price_calculation": "$13.50 per 1ea", "category": "Baby"},
{"title": "Weis Half & Half Raspberry & Dark Chocolate  | 1L", "price": "$10.00", "price_calculation": "$1.00 per 100mL", "category": "Frozen"},
{"title": "Cub Singlet Bodysuit Yellow & Grey | 2 pack", "price": "$14.00", "price_calculation": "$7.00 per 1ea", "category": "Baby"},
{"title": "Mrs Mac's Brush & Bake Chicken Leek & Mushroom Pie 2Pk | 400g", "price": "$10.00", "price_calculation": "$2.50 per 100g", "category": "Frozen"},
{"title": "CUB Singlet Bodysuit Beige & Green | 1 pack", "price": "$14.00", "price_calculation": "$14.00 per 1ea", "category": "Baby"},
{"title": "Streets Blue Ribbon Duos Caramel Hokey Pokey | 2L", "price": "$10.00", "price_calculation": "$0.50 per 100mL", "category": "Frozen"},
{"title": "Kiddylicious Veggies Straws | 10 pack", "price": null, "price_calculation": null, "category": "Baby"},
{"title": "Streets Golden Gaytime Vanilla Malt Shake 4 Pack | 400mL", "price": "$10.00", "price_calculation": "$2.50 per 100mL", "category": "Frozen"},
{"title": "B.box Silicon Mesh Feeder Assorted | 1 each", "price": "$14.00", "price_calculation": "$14.00 per 1ea", "category": "Baby"},
{"title": "Halo Top Oat Milk Triple Chocolate Cake | 473mL", "price": "$10.50", "price_calculation": "$2.22 per 100mL", "category": "Frozen"},
{"title": "Infacare Comfort Stage 1 Formula | 850g", "price": "$14.50", "price_calculation": "$1.71 per 100g", "category": "Baby"},
{"title": "Filosophy Filo Pie Feta And Leek | 550g", "price": "$10.80", "price_calculation": "$1.96 per 100g", "category": "Frozen"},
{"title": "Infacare Comfort Stage 2 Formula | 850g", "price": "$14.50", "price_calculation": "$1.71 per 100g", "category": "Baby"},
{"title": "Birds Eye Frozen Fresh Caught Barramundi Fish Fillets 4 Pack | 270g", "price": "$11.00", "price_calculation": "$40.74 per 1kg", "category": "Frozen"},
{"title": "Coles Gold Toddler Milk Drink Stage 3 | 900g", "price": "$15.00", "price_calculation": "$1.67 per 100g", "category": "Baby"},
{"title": "Royal Ebi Basa Cutlets | 1kg", "price": "$12.00", "price_calculation": "$12.00 per 1kg", "category": "Frozen"},
{"title": "Ecostore Baby Shampoo | 500mL", "price": "$15.00", "price_calculation": "$3.00 per 100mL", "category": "Baby"},
{"title": "Bulla Murray Street Ice Cream Chocolate & Fudge Ripple | 1L", "price": "$12.00", "price_calculation": "$1.20 per 100mL", "category": "Frozen"},
{"title": "Infants Friend Oral Liquid | 100mL", "price": "$15.00", "price_calculation": "$15.00 per 100mL", "category": "Baby"},
{"title": "Bulla Murray Street Ice Cream Strawberries & Cream | 1L", "price": "$12.00", "price_calculation": "$1.20 per 100mL", "category": "Frozen"},
{"title": "Medela Soft Silicone Soothers Assorted Colours 0-6months | 2 pack", "price": "$15.20", "price_calculation": "$7.60 per 1ea", "category": "Baby"},
{"title": "Peters Original Party Cake Ice Cream | 1.5L", "price": "$14.00", "price_calculation": "$0.93 per 100mL", "category": "Frozen"},
{"title": "Medela Soft Silicone Soothers Assorted Colours 6-18months | 2 pack", "price": "$15.20", "price_calculation": "$7.60 per 1ea", "category": "Baby"},
{"title": "Mr Chen's Prawn Hargow | 700g", "price": "$16.00", "price_calculation": "$2.29 per 100g", "category": "Frozen"},
{"title": "Little By The Base Collective Sleep Spray | 125mL", "price": "$15.30", "price_calculation": "$12.24 per 100mL", "category": "Baby"},
{"title": "Mr Chen's Bbq Pork Dumplings | 700g", "price": "$16.00", "price_calculation": "$2.29 per 100g", "category": "Frozen"},
{"title": "Rascal + Friends Nappies Size 1 Newborn | 54 pack", "price": "$16.00", "price_calculation": "$29.63 per 100ea", "category": "Baby"},
{"title": "Coles Marinara Seafood Mix | 1kg", "price": "$19.25", "price_calculation": "$19.25 per 1kg", "category": "Frozen"},
{"title": "Babylove Cosifit Infnt Nappies Size 2 (3-8Kg) | 44 pack", "price": "$16.00", "price_calculation": "$36.36 per 100ea", "category": "Baby"},
{"title": "Family Fave's Southern Style Chicken Nuggets | 1kg", "price": "$21.50", "price_calculation": "$21.50 per 1kg", "category": "Frozen"},
{"title": "CUB Zip Coverall Yellow | 2 pack", "price": "$16.00", "price_calculation": "$8.00 per 1ea", "category": "Baby"},
{"title": "KB's Salmon Skin Off | 1kg", "price": "$38.50", "price_calculation": "$38.50 per 1kg", "category": "Frozen"},
{"title": "Tommee Tippee Roll n Go Baby Bib 2 Pack 6m+ | 2 pack", "price": "$17.00", "price_calculation": "$8.50 per 1ea", "category": "Baby"},
{"title": "Vadilal Arwi Colocassia Root | 312g", "price": "$2.40", "price_calculation": "$0.77 per 100g", "category": "Frozen"},
{"title": "Tommee Tippee Nappy Bin Twist & Click Refill 1 Pack | 1 pack", "price": "$17.00", "price_calculation": "$17.00 per 1ea", "category": "Baby"},
{"title": "Pampas Frozen Shortcrust Pastry Case | 220g", "price": "$3.45", "price_calculation": "$1.57 per 100g", "category": "Frozen"},
{"title": "Gro To Super Softy Nourishing Body Lotion | 150mL", "price": "$17.00", "price_calculation": "$11.33 per 100mL", "category": "Baby"},
{"title": "Coles Singapore Noodles | 375g", "price": "$4.00", "price_calculation": "$1.07 per 100g", "category": "Frozen"},
{"title": "Bambino Mio Reusable Swim Nappy 2+ Years | 1 each", "price": "$17.60", "price_calculation": "$17.60 per 1ea", "category": "Baby"},
{"title": "Coles Vegan Nacho Balls 10 Pack | 200g", "price": "$5.00", "price_calculation": "$2.50 per 100g", "category": "Frozen"},
{"title": "Tommee Tippee Anti-Colic Bottle 260ml 2 Pack Newborn+ | 2 pack", "price": "$18.20", "price_calculation": "$9.10 per 1ea", "category": "Baby"},
{"title": "Bulla Creamy Classics Ice Cream Honeycomb Sticks 4 Pack | 360mL", "price": "$5.20", "price_calculation": "$1.44 per 100mL", "category": "Frozen"},
{"title": "Tommee Tippee Baby Bottle 340ml 2 Pack 3m+ | 2 pack", "price": "$18.55", "price_calculation": "$9.28 per 1ea", "category": "Baby"},
{"title": "Dr.Oetker Papa Giuseppi's Panini Tomato & Cheese | 250g", "price": "$5.50", "price_calculation": "$2.20 per 100g", "category": "Frozen"},
{"title": "Babylove Nappy Pants Size 5 (12-17Kg) | 25 pack", "price": "$20.00", "price_calculation": "$0.80 per 1ea", "category": "Baby"},
{"title": "Birds Eye Frozen Australian Field Fresh Corn Cobs | 1kg", "price": "$6.00", "price_calculation": "$6.00 per 1kg", "category": "Frozen"},
{"title": "Alula S-26 Original Stage 1 Formula 0-6 Months | 900g", "price": "$20.00", "price_calculation": "$2.22 per 100g", "category": "Baby"},
{"title": "Coles I'M Free From Puff Pastry | 600g", "price": "$8.70", "price_calculation": "$1.45 per 100g", "category": "Frozen"},
{"title": "Malarkey Munch Mitt Teething Mitten | 1 pack", "price": "$20.00", "price_calculation": "$20.00 per 1ea", "category": "Baby"},
{"title": "Super Nature Super Pulses Wholemeal Beef Lasagne With Black Lentils | 300g", "price": "$6.00", "price_calculation": "$2.00 per 100g", "category": "Frozen"},
{"title": "Multi-Mam Compresses | 12 pack", "price": "$20.00", "price_calculation": "$1.67 per 1ea", "category": "Baby"},
{"title": "On The Menu Loaded Mac & Cheese | 400g", "price": "$6.00", "price_calculation": "$1.50 per 100g", "category": "Frozen"},
{"title": "Huggies Ultra Dry Nappy Pants Boys Size 4 (9-14kg) | 29 pack", "price": "$22.00", "price_calculation": "$0.76 per 1ea", "category": "Baby"},
{"title": "McCain Red Box Plated Lamb Cutlet Gravy  | 320g", "price": "$6.00", "price_calculation": "$1.88 per 100g", "category": "Frozen"},
{"title": "Tooshies Eco Nappies Reuseable Cloth Nappy | 1 pack", "price": "$22.00", "price_calculation": "$22.00 per 1ea", "category": "Baby"},
{"title": "I&J Lemon Crumbed Fish Fillets | 425g", "price": "$6.50", "price_calculation": "$15.29 per 1kg", "category": "Frozen"},
{"title": "Medela Breast Milk Storage Bags | 25 pack", "price": "$22.50", "price_calculation": "$0.90 per 1ea", "category": "Baby"},
{"title": "Birds Eye Snap Frozen Spring Greens Mix | 1 kg", "price": "$6.50", "price_calculation": "$6.50 per 1kg", "category": "Frozen"},
{"title": "B.box Mini Insulated Food Jar | 1 each", "price": "$23.00", "price_calculation": "$23.00 per 1ea", "category": "Baby"},
{"title": "Cheesebuddy Brazilian Cheese Bread | 450g", "price": "$6.60", "price_calculation": "$1.47 per 100g", "category": "Frozen"},
{"title": "B.box Trio Teether Assorted | 1 each", "price": "$24.00", "price_calculation": "$24.00 per 1ea", "category": "Baby"},
{"title": "Twisted Licks 99% Sugar Free Dipped Vanilla Latte 4Pack | 320mL", "price": "$7.00", "price_calculation": "$2.19 per 100mL", "category": "Frozen"},
{"title": "Aveeno Baby Dermexa Fragrance Free Moisturising Cream | 206g", "price": "$24.50", "price_calculation": "$11.89 per 100g", "category": "Baby"},
{"title": "Buono Mochi Ice Dessert Green Tea | 156g", "price": "$7.50", "price_calculation": "$4.81 per 100g", "category": "Frozen"},
{"title": "Tommee Tippee  Carton Weaning Starter Kit | 1 each", "price": "$25.00", "price_calculation": "$25.00 per 1ea", "category": "Baby"},
{"title": "Street Pizza Tropical Hawaiian | 365g", "price": "$7.50", "price_calculation": "$2.05 per 100g", "category": "Frozen"},
{"title": "Tooshies Eco Nappies Size 3 Crawler | 44 Pack", "price": "$26.00", "price_calculation": "$59.09 per 100ea", "category": "Baby"},
{"title": "Street Pizza Sweet Chilli Chicken | 385g", "price": "$7.50", "price_calculation": "$1.95 per 100g", "category": "Frozen"},
{"title": "Gro To Skin Wizard Nourishing Baby Oil | 150mL", "price": "$26.00", "price_calculation": "$17.33 per 100mL", "category": "Baby"},
{"title": "KB's Tempura Battered Hoki Fillets | 300g", "price": "$7.50", "price_calculation": "$25.00 per 1kg", "category": "Frozen"},
{"title": "Huggies Thick Baby Wipes Fragrance Free | 640 pack", "price": null, "price_calculation": null, "category": "Baby"},
{"title": "Temptation Frozen Petite Quiche Lorraine's 18 pack | 300g", "price": "$7.50", "price_calculation": "$2.50 per 100g", "category": "Frozen"},
{"title": "Nestle NAN A.R. Baby Infant Formula For Regurgitation From Birth To 12 Months  | 800g", "price": "$26.50", "price_calculation": "$3.31 per 100g", "category": "Baby"},
{"title": "Huggies Ultimate Nappies Size 3 (6-11kg) | 72 pack", "price": "$41.00", "price_calculation": "$56.95 per 100ea", "category": "Baby"},
{"title": "Huggies Ultimate Nappies Size 5 (13-18kg) | 52 pack", "price": "$41.00", "price_calculation": "$78.85 per 100ea", "category": "Baby"},
{"title": "Huggies Ultimate Nappy Pants Size 4 (10-15kg) | 56 pack", "price": "$41.00", "price_calculation": "$73.21 per 100ea", "category": "Baby"},
{"title": "Huggies Ultimate Nappy Pants Size 5 (14-18 kg) | 52 pack", "price": "$41.00", "price_calculation": "$78.85 per 100ea", "category": "Baby"},
{"title": "Karicare Goat Milk Follow On Formula | 900g", "price": "$50.00", "price_calculation": "$5.56 per 100g", "category": "Baby"},
{"title": "Coles Chicken With Vegetables 6+ Months | 120g", "price": "$1.00", "price_calculation": "$0.83 per 100g", "category": "Baby"},
{"title": "Johnson's Baby Powder | 100g", "price": null, "price_calculation": null, "category": "Baby"},
{"title": "Bellamy's Organic Banana Custard With Flaxseed  6 + Months | 120g", "price": "$2.00", "price_calculation": "$1.67 per 100g", "category": "Baby"},
{"title": "Only Organic Kumara Carrot & Coconut Rice Baby Food 8+ Months | 170g", "price": null, "price_calculation": null, "category": "Baby"},
{"title": "CUB Standard Neck Silicone Teats 6+ Months | 2 pack", "price": "$3.50", "price_calculation": "$1.75 per 1ea", "category": "Baby"},
{"title": "Bellamy's Organic Apple & Pear Baby Snacks | 20g", "price": "$3.50", "price_calculation": "$17.50 per 100g", "category": "Baby"},
{"title": "Keep It Cleaner Toddler Wheat Free Cereal Plain | 225g", "price": "$4.00", "price_calculation": "$1.78 per 100g", "category": "Baby"},
{"title": "Mighty Bellies Puffcorn BBQ Flavoured | 30g", "price": "$4.75", "price_calculation": "$15.83 per 100g", "category": "Baby"},
{"title": "CUB Milk Powder Container | 1 each", "price": "$5.00", "price_calculation": "$5.00 per 1ea", "category": "Baby"},
{"title": "CUB Weaning Spoon Set | 3 pack", "price": "$5.00", "price_calculation": "$1.67 per 1ea", "category": "Baby"},
{"title": "Nestle Cerelac Multigrain with Banana & Apple Baby Cereal Stage 3 | 200g", "price": "$6.00", "price_calculation": "$3.00 per 100g", "category": "Baby"},
{"title": "CUB Bamboo Fibre Divided Plate | 1 each", "price": "$6.00", "price_calculation": "$6.00 per 1ea", "category": "Baby"},
{"title": "Whole Kids Organic Soft Cereal Biscuits Spelt & Apple 6M+ | 120g", "price": "$6.00", "price_calculation": "$5.00 per 100g", "category": "Baby"},
{"title": "Whole Kids Organic Smoothie Drops  Berry & Coconut Yoghurt 11M+ Reseal Bag | 20g", "price": "$6.20", "price_calculation": "$31.00 per 100g", "category": "Baby"},
{"title": "Tommee Tippee Baby Cherry Latex Dummy 2 Pack 6-18m | 2 pack", "price": "$6.30", "price_calculation": "$3.15 per 1ea", "category": "Baby"},
{"title": "Tommee Tippee Baby Cherry Latex Dummy 2 Pack 18-36m | 2 pack", "price": "$6.30", "price_calculation": "$3.15 per 1ea", "category": "Baby"},
{"title": "Tomy Take & Toss Sipper Cup | 6 pack", "price": "$7.00", "price_calculation": "$1.17 per 1ea", "category": "Baby"},
{"title": "Avent Medium Flow Teat 3+ Months | 2 pack", "price": "$7.17", "price_calculation": "$3.59 per 1ea", "category": "Baby"},
{"title": "Baby U Disposable Change 10 Mats | 1 pack", "price": "$7.50", "price_calculation": "$7.50 per 1ea", "category": "Baby"},
{"title": "New Beginnings Nipple Shields | 2 pack", "price": "$7.50", "price_calculation": "$3.75 per 1ea", "category": "Baby"},
{"title": "Euky Bearub | 50g", "price": "$7.50", "price_calculation": "$15.00 per 100g", "category": "Baby"},
{"title": "Kiddylicious Veggie Straws Cheesy Flavour | 4 pack", "price": "$7.80", "price_calculation": "$1.95 per 1ea", "category": "Baby"},
{"title": "Kiddylicious Banana Fruty Puffs | 4 pack", "price": "$7.80", "price_calculation": "$1.95 per 1ea", "category": "Baby"},
{"title": "CUB Potty | 1 each", "price": "$8.00", "price_calculation": null, "category": "Baby"},
{"title": "Avent Animal Ultra Air Soothers 6-18 Months | 2 pack", "price": "$8.37", "price_calculation": "$4.19 per 1ea", "category": "Baby"},
{"title": "Munchkin Stay Put Suction Plate | 1 each", "price": "$8.95", "price_calculation": "$8.95 per 1ea", "category": "Baby"},
{"title": "Tommee Tippee Narrow Neck Fast Flow Teat 2 Pack 6m+ | 2 pack", "price": "$9.00", "price_calculation": "$4.50 per 1ea", "category": "Baby"},
{"title": "Tommee Tippee Baby Bottle 260ml 1 Pack Newborn+ | 1 pack", "price": "$9.20", "price_calculation": "$9.20 per 1ea", "category": "Baby"},
{"title": "Tommee Tippee Easigrip Weaning Spoons 5 Pack 6m+ | 5 pack", "price": "$9.20", "price_calculation": "$1.84 per 1ea", "category": "Baby"},
{"title": "Nuk Signature Soothers 0-6 Months | 2 pack", "price": "$9.45", "price_calculation": "$4.73 per 1ea", "category": "Baby"},
{"title": "Otrivin Baby & Kids Saline Solution Nasal Spray | 15mL", "price": "$9.50", "price_calculation": "$63.34 per 100mL", "category": "Baby"},
{"title": "Tommee Tippee Bottle Teat Medium Flow 2 Pack 3m+ | 2 pack", "price": "$10.00", "price_calculation": "$5.00 per 1ea", "category": "Baby"},
{"title": "Tommee Tippee Bottle Teat Fast Flow 2 Pack 6m+ | 2 pack", "price": "$10.00", "price_calculation": "$5.00 per 1ea", "category": "Baby"},
{"title": "Marcalan Nipple Cream | 30g", "price": "$10.00", "price_calculation": "$33.33 per 100g", "category": "Baby"},
{"title": "B.box Silicone Bowls Assorted | 1 each", "price": "$10.00", "price_calculation": "$10.00 per 1ea", "category": "Baby"},
{"title": "Tommee Tippee Freezer Weaning Pots 60ml 4 Pack 4m+ | 4 pack", "price": "$10.00", "price_calculation": "$2.50 per 1ea", "category": "Baby"},
{"title": "Huggies Disney Movie Classics Book Gift With Purchase | 1 each", "price": "$10.00", "price_calculation": "$10.00 per 1ea", "category": "Baby"},
{"title": "Tommee Tippee Kalani Mini Silicone Baby Teether 3m+ | 1 pack", "price": "$10.20", "price_calculation": "$10.20 per 1ea", "category": "Baby"},
{"title": "Tommee Tippee 1st Cutlery Set Fork Knife Spoon 12m+ | 1 pack", "price": "$10.20", "price_calculation": "$10.20 per 1ea", "category": "Baby"},
{"title": "Nuby No Spill Twin Handle Sipper Cup 295mL | 1 each", "price": "$10.50", "price_calculation": "$10.50 per 1ea", "category": "Baby"},
{"title": "Nuby Assorted Tritan Flip It With Weighted Straw 240mL | 1 each", "price": "$11.00", "price_calculation": "$11.00 per 1ea", "category": "Baby"},
{"title": "Bambino Mio Toilet Training Undies 2-3 years | 1 each", "price": "$11.60", "price_calculation": "$11.60 per 1ea", "category": "Baby"},
{"title": "Nescafe Gold Original Blend | 400g", "price": "$28.00", "price_calculation": "$7.00 per 100g", "category": "Bonus Cookware Credits"},
{"title": "Continental Sensation Mushroom Bacon Soup Serves 2 | 48g", "price": "$1.75", "price_calculation": "$3.65 per 100g", "category": "Bonus Cookware Credits"},
{"title": "Colgate Mild Mint Gel Bluey Toothpaste | 90g", "price": "$2.10", "price_calculation": "$2.33 per 100g", "category": "Bonus Cookware Credits"},
{"title": "Sunrice Gluten Free Rice & Quinoa Microwave Cups 2 Pack | 250g", "price": "$3.00", "price_calculation": "$1.20 per 100g", "category": "Bonus Cookware Credits"},
{"title": "Continental Superb Chicken Stock Powder | 130g", "price": "$3.00", "price_calculation": "$0.23 per 10g", "category": "Bonus Cookware Credits"},
{"title": "Uncle Tobys Yoghurt Muesli Bars Honeycomb 6 Pack | 185g", "price": "$3.50", "price_calculation": "$1.89 per 100g", "category": "Bonus Cookware Credits"},
{"title": "Uncle Tobys Mango And Passionfruit Yoghurt Muesli Bars | 185g", "price": "$3.50", "price_calculation": "$1.89 per 100g", "category": "Bonus Cookware Credits"},
{"title": "Uncle Tobys Plus Protein Cereal | 705g", "price": "$8.80", "price_calculation": "$1.25 per 100g", "category": "Bonus Cookware Credits"},
{"title": "Uncle Tobys Le Snak Dip & Crackers Cheddar Cheese Value Pack | 264g", "price": "$9.00", "price_calculation": "$3.41 per 100g", "category": "Bonus Cookware Credits"},
{"title": "Finish Regular Rinse Aid for Dishwashers | 500mL", "price": "$11.50", "price_calculation": "$2.30 per 100mL", "category": "Bonus Cookware Credits"},
{"title": "Coles Finest Carbon Neutral Beef Scotch Fillet Steak | 375g", "price": "$22.00", "price_calculation": "$58.67 per 1kg", "category": "Bonus Cookware Credits"},
{"title": "Continental Cup A Soup Tomato Soup Serves 4 | 80g", "price": "$3.00", "price_calculation": "$3.75 per 100g", "category": "Bonus Cookware Credits"},
{"title": "Colgate Zig Zag Flex Medium Toothbrush | 3 pack", "price": "$3.90", "price_calculation": "$1.30 per 1ea", "category": "Bonus Cookware Credits"},
{"title": "Lindt Classic Vegan Hazelnut Block Chocolate | 100g", "price": "$4.20", "price_calculation": "$4.20 per 100g", "category": "Bonus Cookware Credits"},
{"title": "Colgate Advanced Whitening Purple Toothpaste | 120g", "price": "$5.00", "price_calculation": "$4.17 per 100g", "category": "Bonus Cookware Credits"},
{"title": "Bulla Light Sour Cream | 400mL", "price": "$5.50", "price_calculation": "$1.38 per 100mL", "category": "Bonus Cookware Credits"},
{"title": "Uncle Tobys Oats Quick Sachets Creamy Vanilla | 350g", "price": "$6.30", "price_calculation": "$1.80 per 100g", "category": "Bonus Cookware Credits"},
{"title": "Glad Large Wavetop Kitchen Tidy Bags | 72 pack", "price": "$7.50", "price_calculation": "$10.42 per 100ea", "category": "Bonus Cookware Credits"},
{"title": "Sensodyne Complete Care Toothpaste Cool Mint | 100g", "price": "$12.30", "price_calculation": "$12.30 per 100g", "category": "Bonus Cookware Credits"},
{"title": "Sanitarium Up&Go Protein Energize Lqd Breakfast Coffee Fridge Pack 12X250Ml | 3L", "price": "$14.50", "price_calculation": "$4.83 per 1L", "category": "Bonus Cookware Credits"},
{"title": "Continental Sensations Soup Vietnamese Chicken | 40g", "price": "$1.75", "price_calculation": "$4.38 per 100g", "category": "Bonus Cookware Credits"},
{"title": "Continental Cup A Soup Mild Chicken Curry Wth Lots Of Noodles Serves 2 | 58g", "price": "$2.80", "price_calculation": "$4.83 per 100g", "category": "Bonus Cookware Credits"},
{"title": "Dove Beauty Bar Shea Butter | 2 pack", "price": "$2.94", "price_calculation": "$1.47 per 1ea", "category": "Bonus Cookware Credits"},
{"title": "Uncle Tobys Oats Delicious Blends Raspberry Roasted Almond & Vanilla | 320g", "price": "$3.25", "price_calculation": "$1.02 per 100g", "category": "Bonus Cookware Credits"},
{"title": "Sunrice Family Size Jasmine Rice | 450g", "price": "$4.00", "price_calculation": "$0.89 per 100g", "category": "Bonus Cookware Credits"},
{"title": "Lindt Classic Vegan Smooth Block Chocolate | 100g", "price": "$4.20", "price_calculation": "$4.20 per 100g", "category": "Bonus Cookware Credits"},
{"title": "Maggi 2 Minute Beef Flavour Noodles 5 Pack | 370g", "price": "$5.00", "price_calculation": "$1.35 per 100g", "category": "Bonus Cookware Credits"},
{"title": "Colgate Total Mint Stripe Multi Benefit Toothpaste | 200g", "price": "$5.50", "price_calculation": "$2.75 per 100g", "category": "Bonus Cookware Credits"},
{"title": "Colgate Total Gum Health Toothpaste | 115g", "price": "$6.50", "price_calculation": "$5.65 per 100g", "category": "Bonus Cookware Credits"},
{"title": "Nescafe Cappuccino Coffee Sachets | 10 pack", "price": "$7.60", "price_calculation": "$0.76 per 1ea", "category": "Bonus Cookware Credits"},
{"title": "Sensodyne Sensitive Teeth Pain Daily Care Extra Fresh Toothpaste | 110g", "price": "$9.70", "price_calculation": "$8.82 per 100g", "category": "Bonus Cookware Credits"},
{"title": "Lindor Pink Assorted Gift Box | 232g", "price": "$10.00", "price_calculation": "$4.31 per 100g", "category": "Bonus Cookware Credits"},
{"title": "Colgate Triple Action Toothpaste | 80g", "price": "$2.00", "price_calculation": "$2.50 per 100g", "category": "Bonus Cookware Credits"},
{"title": "Golden Circle Apple & Mango Juice No Added Sugar Fruit Juices | 2L", "price": "$3.50", "price_calculation": "$1.75 per 1L", "category": "Bonus Cookware Credits"},
{"title": "Uncle Tobys Original Oats Quick Sachets 10 pack | 340g", "price": "$6.30", "price_calculation": "$1.85 per 100g", "category": "Bonus Cookware Credits"},
{"title": "Sensodyne Sensitive Teeth Pain Rapid Relief Toothpaste | 100g", "price": "$12.30", "price_calculation": "$12.30 per 100g", "category": "Bonus Cookware Credits"},
{"title": "Dove Men+Care Clean Comfort Body And Face Wash | 1L", "price": "$17.00", "price_calculation": "$1.70 per 100mL", "category": "Bonus Cookware Credits"},
{"title": "Maggi Noodle Cup Oriental Flavour | 60g", "price": "$2.50", "price_calculation": "$4.17 per 100g", "category": "Bonus Cookware Credits"},
{"title": "Colgate Tartar Control Dental Floss | 25m", "price": "$2.64", "price_calculation": "$0.11 per 1M", "category": "Bonus Cookware Credits"},
{"title": "Maggi Fusian Noodles Vietnamese Beef Lemongrass 5 Pack | 325g", "price": "$2.75", "price_calculation": "$0.85 per 100g", "category": "Bonus Cookware Credits"},
{"title": "Continental Cup A Soup Creamy Potato & Bacon With Croutons Serves 2 | 50g", "price": "$2.80", "price_calculation": "$5.60 per 100g", "category": "Bonus Cookware Credits"},
{"title": "Bref Deluxe Active Gel Lovely Jasmine | 600mL", "price": "$3.50", "price_calculation": "$0.58 per 100mL", "category": "Bonus Cookware Credits"},
{"title": "Colgate Zig Zag Flex Soft Toothbrush | 3 pack", "price": "$3.90", "price_calculation": "$1.30 per 1ea", "category": "Bonus Cookware Credits"},
{"title": "Glad Extra Large Wavetop Kitchen Tidy Bags | 20 pack", "price": "$4.25", "price_calculation": "$0.21 per 1ea", "category": "Bonus Cookware Credits"},
{"title": "Coles Apple & Mango Juice | 2L", "price": "$2.80", "price_calculation": "$1.40 per 1L", "category": "Drinks"},
{"title": "Liddells Lactose Free 99% Low Fat Milk | 1L", "price": "$3.00", "price_calculation": "$3.00 per 1L", "category": "Drinks"},
{"title": "Dilmah Pure Ceylon Extra Strength Tea Bags 100 pack | 240g", "price": "$5.25", "price_calculation": "$0.05 per 1ea", "category": "Drinks"},
{"title": "Schweppes Mineral Water Orange Mango | 1.1L", "price": "$1.50", "price_calculation": "$1.36 per 1L", "category": "Drinks"},
{"title": "Schweppes Soft Drink Brown Cream Soda | 1.1L", "price": "$1.50", "price_calculation": "$1.36 per 1L", "category": "Drinks"},
{"title": "Devondale Skim Long Life Milk | 1L", "price": "$2.20", "price_calculation": "$2.20 per 1L", "category": "Drinks"},
{"title": "V Green Energy Drink Can | 500mL", "price": "$3.35", "price_calculation": "$6.70 per 1L", "category": "Drinks"},
{"title": "Rokeby Farms Smoothie Dutch Chocolate | 425mL", "price": "$4.50", "price_calculation": "$10.59 per 1L", "category": "Drinks"},
{"title": "Coles Pulp Free Orange Juice Chilled | 2L", "price": "$5.50", "price_calculation": "$2.75 per 1L", "category": "Drinks"},
{"title": "Schweppes Mixers Soda Water | 1.1L", "price": "$1.50", "price_calculation": "$1.36 per 1L", "category": "Drinks"},
{"title": "Pepsi Lemon Soft Drink Bottle | 1.25L", "price": "$1.70", "price_calculation": "$1.36 per 1L", "category": "Drinks"},
{"title": "Coles Organic Unsweetened Oat Milk | 1L", "price": "$2.25", "price_calculation": "$2.25 per 1L", "category": "Drinks"},
{"title": "Gatorade Orange Ice Sports Drink | 600mL", "price": "$3.85", "price_calculation": "$6.42 per 1L", "category": "Drinks"},
{"title": "Monster Energy Can Drink Ultra Gold | 500mL", "price": "$2.55", "price_calculation": "$5.10 per 1L", "category": "Drinks"},
{"title": "V Energy Drink Blue Can | 500mL", "price": "$3.35", "price_calculation": "$6.70 per 1L", "category": "Drinks"},
{"title": "Coles Soft Drink Diet Raspberry | 1.25L", "price": "$0.90", "price_calculation": "$0.72 per 1L", "category": "Drinks"},
{"title": "Rokeby Farms Chocolate Honeycomb Protein Smoothie | 425mL", "price": "$4.50", "price_calculation": "$10.59 per 1L", "category": "Drinks"},
{"title": "Twinings Pure Peppermint Infusions Tea Bags | 160g", "price": "$13.50", "price_calculation": "$0.17 per 1ea", "category": "Drinks"},
{"title": "Coles Lemon Flavoured Drink | 1.25L", "price": "$0.90", "price_calculation": "$0.72 per 1L", "category": "Drinks"},
{"title": "Lipton English Breakfast Black Tea Bags | 100 pack", "price": "$2.90", "price_calculation": "$0.03 per 1ea", "category": "Drinks"},
{"title": "Coles Pineapple Drink | 1.25L", "price": "$0.90", "price_calculation": "$0.72 per 1L", "category": "Drinks"},
{"title": "Schweppes Mixers Dry Ginger Ale | 1.1L", "price": "$1.50", "price_calculation": "$1.36 per 1L", "category": "Drinks"},
{"title": "Schweppes Mixers Lemon Lime & Bitter No Sugar | 1.1L", "price": "$1.50", "price_calculation": "$1.36 per 1L", "category": "Drinks"},
{"title": "Coles Organic Soy Milk | 1L", "price": "$1.60", "price_calculation": "$1.60 per 1L", "category": "Drinks"},
{"title": "Powerade Mountain Blast Zero Sports Drink Sipper Cap | 600mL", "price": "$2.30", "price_calculation": "$3.83 per 1L", "category": "Drinks"},
{"title": "Monster Pipeline Punch Can | 500mL", "price": "$2.55", "price_calculation": "$5.10 per 1L", "category": "Drinks"},
{"title": "Coca-Cola Vanilla Soft Drink Bottle | 600mL", "price": "$3.20", "price_calculation": "$5.33 per 1L", "category": "Drinks"},
{"title": "V Energy Refresh Drink Pineapple Watermelon Can | 250mL", "price": "$2.35", "price_calculation": "$9.40 per 1L", "category": "Drinks"},
{"title": "Pepsi Cola Soft Drink | 2L", "price": "$3.00", "price_calculation": "$1.50 per 1L", "category": "Drinks"},
{"title": "Dilmah Pure Ceylon Premium Tea Bags 100 pack | 200g", "price": "$4.10", "price_calculation": "$0.04 per 1ea", "category": "Drinks"},
{"title": "Grapetiser Sparkling Red Grape Juice Bottle | 750mL", "price": "$4.65", "price_calculation": "$6.20 per 1L", "category": "Drinks"},
{"title": "Coles Passionfruit Soft Drink | 1.25L", "price": "$0.90", "price_calculation": "$0.72 per 1L", "category": "Drinks"},
{"title": "Maximus Grape Sports Drink | 1L", "price": "$2.50", "price_calculation": "$2.50 per 1L", "category": "Drinks"},
{"title": "Sanitarium So Good Long Life No Added Sugar Oat Milk | 1L", "price": "$2.80", "price_calculation": "$2.80 per 1L", "category": "Drinks"},
{"title": "Mother Original Energy Drink Can | 500mL", "price": "$2.85", "price_calculation": "$5.70 per 1L", "category": "Drinks"},
{"title": "Lipton Ice Tea Drink Peach No Sugar | 1.5L", "price": "$2.90", "price_calculation": "$1.93 per 1L", "category": "Drinks"},
{"title": "G Active Berry Flavoured Electrolyte Water | 600mL", "price": "$3.85", "price_calculation": "$6.42 per 1L", "category": "Drinks"},
{"title": "Twinings Pure Green Tea Bags 100 pack | 150g", "price": "$13.50", "price_calculation": "$0.14 per 1ea", "category": "Drinks"},
{"title": "Coles Soda Water | 2L", "price": "$1.25", "price_calculation": "$0.63 per 1L", "category": "Drinks"},
{"title": "Pureharvest Organic Malt Free Long Life Soy Drink | 1L", "price": "$2.00", "price_calculation": "$2.00 per 1L", "category": "Drinks"},
{"title": "Powerade ION4 Gold Rush Sports Drink Sipper Cap | 600mL", "price": "$2.30", "price_calculation": "$3.83 per 1L", "category": "Drinks"},
{"title": "Golden Circle Pineapple Juice Sweetened Fruit Juice Pineapples | 1L", "price": "$2.60", "price_calculation": "$2.60 per 1L", "category": "Drinks"},
{"title": "Oral B Cross Action Electric Brush Replacement Head | 3 pack", "price": "$28.40", "price_calculation": "$5.68 per 1ea", "category": "Health & Beauty"},
{"title": "Sukin Brightening Illuminating Moisturiser Pump | 60mL", "price": "$28.50", "price_calculation": "$47.50 per 100mL", "category": "Health & Beauty"},
{"title": "U By Kotex Ultra Thin Regular Pads With Wings | 112 pack", "price": null, "price_calculation": null, "category": "Health & Beauty"},
{"title": "Cancer Council SPF 50+ Work Pump Sunscreen | 500mL", "price": "$29.00", "price_calculation": "$5.80 per 100mL", "category": "Health & Beauty"},
{"title": "Benefiber Powder | 500g", "price": "$29.00", "price_calculation": "$5.80 per 100g", "category": "Health & Beauty"},
{"title": "Revlon Sculpt + Highlight Contour Makeup Kit Light/Medium Kit | 10g", "price": "$29.00", "price_calculation": "$29.00 per 10g", "category": "Health & Beauty"},
{"title": "L'Oreal Paris C'Est Magic Cc Cream 01 Anti-Redness | 30mL", "price": "$29.00", "price_calculation": "$9.67 per 10mL", "category": "Health & Beauty"},
{"title": "Fudge Professional Clean Blonde Damage Rewind Violet Purple Toning Shampoo | 250mL", "price": "$29.00", "price_calculation": "$11.60 per 100mL", "category": "Health & Beauty"},
{"title": "Fudge Professional Clean Blonde Purple Violet Toning Treatment | 200mL", "price": "$29.00", "price_calculation": "$14.50 per 100mL", "category": "Health & Beauty"},
{"title": "Cancer Council Sunscreen Sport SPF50+ | 500mL", "price": "$29.00", "price_calculation": "$5.80 per 100mL", "category": "Health & Beauty"},
{"title": "Invisible Zinc 4Hr Water Resistant SPF 50+ | 100mL", "price": "$29.00", "price_calculation": "$29.00 per 100mL", "category": "Health & Beauty"},
{"title": "Metamucil Natural Granular 114 Dose | 798g", "price": "$29.30", "price_calculation": "$3.67 per 100g", "category": "Health & Beauty"},
{"title": "Invisible Zinc Face & Body SPF 50 Sunscreen | 150g", "price": "$30.00", "price_calculation": "$20.00 per 100g", "category": "Health & Beauty"},
{"title": "Sukin 3 Step Pack Love Your Skin Face Kit | 375mL", "price": "$30.00", "price_calculation": "$8.00 per 100mL", "category": "Health & Beauty"},
{"title": "Revlon Colorstay Overtime #36 Endless Spice Lipcolor | 2mL", "price": "$30.00", "price_calculation": "$150.00 per 10mL", "category": "Health & Beauty"},
{"title": "Revlon Colorstay Overtime #42 Bare Maximum Lipcolor | 2mL", "price": "$30.00", "price_calculation": "$150.00 per 10mL", "category": "Health & Beauty"},
{"title": "Revlon Colorstay Overtime #38 Always Sienna Lipcolor | 2mL", "price": "$30.00", "price_calculation": "$150.00 per 10mL", "category": "Health & Beauty"},
{"title": "Revlon Colorstay Overtime Lipcolor #46 Infinite Raspberry | 2mL", "price": "$30.00", "price_calculation": "$150.00 per 10mL", "category": "Health & Beauty"},
{"title": "Nicorette Fresh Fruit Gum 2Mg | 75 pack", "price": "$30.00", "price_calculation": "$0.40 per 1ea", "category": "Health & Beauty"},
{"title": "Nicorette Fresh Fruit Gum 4Mg | 75 pack", "price": "$30.00", "price_calculation": "$0.40 per 1ea", "category": "Health & Beauty"},
{"title": "Gillette Fusion ProGlide Limited Edition Gift Pack | 1 pack", "price": "$30.00", "price_calculation": "$30.00 per 1ea", "category": "Health & Beauty"},
{"title": "Sukin Purely Ageless Restorative Night Cream | 120mL", "price": "$30.00", "price_calculation": "$25.00 per 100mL", "category": "Health & Beauty"},
{"title": "L'Oreal Paris False Lash Telescopic Magnetic Black | 9mL", "price": "$30.00", "price_calculation": "$33.33 per 10mL", "category": "Health & Beauty"},
{"title": "Le Tan Uber Stay Ash Base Stay Self Tanning Foam | 200mL", "price": "$30.00", "price_calculation": "$15.00 per 100mL", "category": "Health & Beauty"},
{"title": "Le Tan Uber Stay Green Base Stay Self Tanning Foam | 200mL", "price": "$30.00", "price_calculation": "$15.00 per 100mL", "category": "Health & Beauty"},
{"title": "VS Sassoon Led Lighted Mirror | 1 pack", "price": "$30.00", "price_calculation": "$30.00 per 1ea", "category": "Health & Beauty"},
{"title": "L'Oreal Paris Life'S A Peach Blush | 9g", "price": "$30.00", "price_calculation": "$33.33 per 10g", "category": "Health & Beauty"},
{"title": "L'Oreal Wake Up And Glow Back To Bronze Matte Bronzer Sunkiss | 7.5g", "price": "$30.00", "price_calculation": "$40.00 per 10g", "category": "Health & Beauty"},
{"title": "Herron Nicaway Lozenges 4mg | 132 pack", "price": "$30.00", "price_calculation": "$0.23 per 1ea", "category": "Health & Beauty"},
{"title": "Gillette Skinguard Razor Blades | 4 pack", "price": "$30.00", "price_calculation": "$7.50 per 1ea", "category": "Health & Beauty"},
{"title": "Le Tan Uber Dark Fast Ash Base 1 Hour Express | 200mL", "price": "$30.00", "price_calculation": "$15.00 per 100mL", "category": "Health & Beauty"},
{"title": "Le Tan Uber Dark Fast Green Base 1 Hour Express | 200mL", "price": "$30.00", "price_calculation": "$15.00 per 100mL", "category": "Health & Beauty"},
{"title": "L'Oreal Paris Volume Million Lashes Balm Noir | 10mL", "price": "$30.00", "price_calculation": "$30.00 per 10mL", "category": "Health & Beauty"},
{"title": "Ogx Biotin & Collagen Conditioner | 750mL", "price": "$30.00", "price_calculation": "$4.00 per 100mL", "category": "Health & Beauty"},
{"title": "Ogx Biotin & Collagen Shampoo | 750mL", "price": "$30.00", "price_calculation": "$4.00 per 100mL", "category": "Health & Beauty"},
{"title": "Poise 2-in-1 Period & Incontinence Underwear Black Size 12-14 | 1 pack", "price": "$30.00", "price_calculation": "$30.00 per 1ea", "category": "Health & Beauty"},
{"title": "Poise 2-in-1 Period & Incontinence Underwear Black Size 16-18 | 1 pack", "price": "$30.00", "price_calculation": "$30.00 per 1ea", "category": "Health & Beauty"},
{"title": "Medimuscle Cramp Relief & Muscle Health Gummies | 60 pack", "price": "$30.00", "price_calculation": "$0.50 per 1ea", "category": "Health & Beauty"},
{"title": "Henry Blooms Multi Fibre With Probiotics | 300g", "price": "$30.00", "price_calculation": "$10.00 per 100g", "category": "Health & Beauty"},
{"title": "Essano Expertise Daily Hydration Shampoo | 600mL", "price": "$30.00", "price_calculation": "$5.00 per 100mL", "category": "Health & Beauty"},
{"title": "Essano Expertise Daily Hydration Conditioner | 600mL", "price": "$30.00", "price_calculation": "$5.00 per 100mL", "category": "Health & Beauty"},
{"title": "Canadian Club Whisky 700mL | 1 Each", "price": "$45.00", "price_calculation": "$64.29 per 1L", "category": "Liquor"},
{"title": "Two Towns Adelaide Pinot Gris 750mL | 1 Each", "price": "$22.00", "price_calculation": "$29.33 per 1L", "category": "Liquor"},
{"title": "ROCK PAPER SCISSORS ROCK PAPER SCISSORS SAUVI", "price": null, "price_calculation": null, "category": "Liquor"},
{"title": "Evans & Tate Classic Margaret River Sem Sauv Blan 750mL | 1 Each", "price": "$16.00", "price_calculation": "$21.33 per 1L", "category": "Liquor"},
{"title": "Pure Blonde Bottle 355mL | 6 Pack", "price": "$19.00", "price_calculation": "$8.92 per 1L", "category": "Liquor"},
{"title": "Penfolds Koonunga Hill Shiraz Cabernet 750mL | 1 Each", "price": "$14.00", "price_calculation": "$18.67 per 1L", "category": "Liquor"},
{"title": "Squealing Pig Pinot Noir Rose 750mL | 1 Each", "price": "$20.00", "price_calculation": "$26.67 per 1L", "category": "Liquor"},
{"title": "Hardys Tintara Mclaren Vale Shiraz 750mL | 1 Each", "price": "$30.00", "price_calculation": "$40.00 per 1L", "category": "Liquor"},
{"title": "Woodstock Bourbon & Cola 6% 375mL | 4 Pack", "price": "$23.00", "price_calculation": "$15.33 per 1L", "category": "Liquor"},
{"title": "Hammer N Tongs Gold Block Can 330mL | 30 Pack", "price": "$36.00", "price_calculation": "$0.36 per 100mL", "category": "Liquor"},
{"title": "Tangled Vine Chardonnay Cask 4 Litre | 1 Each", "price": "$14.00", "price_calculation": null, "category": "Liquor"},
{"title": "Wynns 'The Siding' Cabernet Sauvignon 750mL | 1 Each", "price": "$14.00", "price_calculation": "$18.67 per 1L", "category": "Liquor"},
{"title": "Banrock Station Sauvignon Blanc Cask 2 Litre | 1 Each", "price": "$12.00", "price_calculation": "$6.00 per 1L", "category": "Liquor"},
{"title": "Tangled Vine Cabernet Merlot Cask 4 Litre | 1 Each", "price": "$14.00", "price_calculation": "$3.50 per 1L", "category": "Liquor"},
{"title": "XXXX Gold Bottle 375mL | 6 Pack", "price": "$15.00", "price_calculation": "$6.67 per 1L", "category": "Liquor"},
{"title": "Wild Turkey Kentucky Straight Bourbon Whiskey 1L | 1 Each", "price": "$73.00", "price_calculation": "$73.00 per 1L", "category": "Liquor"},
{"title": "The Stubborn Few Shiraz Cask 2 Litre | 1 Each", "price": "$9.00", "price_calculation": "$0.08 per 100mL", "category": "Liquor"},
{"title": "Mountain Goat Goat Lager Can 375mL | 24 Pack", "price": "$51.00", "price_calculation": "$5.67 per 1L", "category": "Liquor"},
{"title": "Lindemans Bin 45 Cabernet Sauvignon 750mL | 1 Each", "price": "$8.00", "price_calculation": "$10.67 per 1L", "category": "Liquor"},
{"title": "Stella Artois Bottle 330mL | 6 Pack", "price": "$18.00", "price_calculation": "$0.91 per 100mL", "category": "Liquor"},
{"title": "Oyster Bay Chardonnay 750mL | 1 Each", "price": "$22.00", "price_calculation": "$29.33 per 1L", "category": "Liquor"},
{"title": "Glenfiddich 12YO Single Malt Scotch Whisky 700mL | 1 Each", "price": "$95.00", "price_calculation": "$135.72 per 1L", "category": "Liquor"},
{"title": "Moet & Chandon Brut Imperial NV Champagne 750mL | 1 Each", "price": "$82.00", "price_calculation": "$109.33 per 1L", "category": "Liquor"},
{"title": "Vodka Cruiser Pure Pineapple 275mL | 4 pack", "price": "$20.00", "price_calculation": "$1.82 per 100mL", "category": "Liquor"},
{"title": "Whispers Spumante 750mL | 1 Each", "price": "$5.00", "price_calculation": "$0.67 per 100mL", "category": "Liquor"},
{"title": "Wild Turkey & Cola Can 375mL | 4 Pack", "price": "$24.00", "price_calculation": "$1.60 per 100mL", "category": "Liquor"},
{"title": "St Helena Brandy 700mL | 1 Each", "price": "$36.00", "price_calculation": "$51.43 per 1L", "category": "Liquor"},
{"title": "Black Bottle Brandy 700mL | 1 Each", "price": "$39.00", "price_calculation": "$55.72 per 1L", "category": "Liquor"},
{"title": "Coopers Original Pale Ale Bottle 375mL | 6 Pack", "price": "$20.00", "price_calculation": "$0.89 per 100mL", "category": "Liquor"},
{"title": "Penfolds Koonunga Hill Cabernet Sauvignon Bvs 750mL | 1 Each", "price": "$14.00", "price_calculation": "$18.67 per 1L", "category": "Liquor"},
{"title": "San Juan Lager Bottle 330mL | 6 Pack", "price": "$12.00", "price_calculation": null, "category": "Liquor"},
{"title": "Zilzie Estate Shiraz 750mL | 1 Each", "price": "$7.00", "price_calculation": "$9.33 per 1L", "category": "Liquor"},
{"title": "Mercury Hard Cider Blackcurrant Can 375mL | 6 Pack", "price": "$19.00", "price_calculation": "$8.44 per 1L", "category": "Liquor"},
{"title": "Whispers Sparkling White 750mL | 1 Each", "price": "$5.00", "price_calculation": "$6.67 per 1L", "category": "Liquor"},
{"title": "Somersby Pear Cider Can 375mL | 10 Pack", "price": "$22.00", "price_calculation": "$5.87 per 1L", "category": "Liquor"},
{"title": "Two Towns Barossa Shiraz 750mL | 1 Each", "price": "$22.00", "price_calculation": "$2.93 per 100mL", "category": "Liquor"},
{"title": "Carlton Draught Bottle 375mL | 6 Pack", "price": "$19.00", "price_calculation": "$0.84 per 100mL", "category": "Liquor"},
{"title": "Canadian Club Dry 4.8% Bottle 330mL | 4 Pack", "price": "$21.00", "price_calculation": "$1.59 per 100mL", "category": "Liquor"},
{"title": "Whispers Pinot Grigio 750mL | 1 Each", "price": "$5.00", "price_calculation": "$6.67 per 1L", "category": "Liquor"},
{"title": "Lipton Peach Ice Tea | 1.5L", "price": "$2.90", "price_calculation": "$1.93 per 1L", "category": "Drinks"},
{"title": "Hahn Super Dry Can 375mL | 8 Pack", "price": "$21.00", "price_calculation": "$7.00 per 1L", "category": "Liquor"},
{"title": "Golden Circle Mango Nectar | 2L", "price": "$3.50", "price_calculation": "$1.75 per 1L", "category": "Drinks"},
{"title": "Cadbury Drinking Chocolate | 450g", "price": "$6.00", "price_calculation": "$1.33 per 100g", "category": "Drinks"},
{"title": "Moccona Classic Medium Roast Instant Coffee | 400g", "price": "$18.00", "price_calculation": "$4.50 per 100g", "category": "Drinks"},
{"title": "Fresh Half Honeydew Melon | 1 each", "price": "$2.50", "price_calculation": "$2.50 per 1ea", "category": "Fruit & Vegetables"},
{"title": "Solo Zero Sugar Extreme Lemon Soft Drink Bottle | 1.25L", "price": "$1.70", "price_calculation": "$1.36 per 1L", "category": "Drinks"},
{"title": "Coles Rosalee Pink Onions Prepacked | 1kg", "price": "$2.90", "price_calculation": "$2.90 per 1kg", "category": "Fruit & Vegetables"},
{"title": "Pepsi Max Multipack Cans 375mL | 10 pack", "price": "$7.50", "price_calculation": "$2.00 per 1L", "category": "Drinks"},
{"title": "Fresh Green Cayenne Chillies | approx 22g", "price": "$0.66", "price_calculation": "$30.01 per 1kg", "category": "Fruit & Vegetables"},
{"title": "Smirnoff Red Vodka 1 Litre | 1 Each", "price": "$59.00", "price_calculation": "$5.90 per 100mL", "category": "Liquor"},
{"title": "Devondale Full Cream Long Life Milk 6 pack | 1.2L", "price": "$6.00", "price_calculation": "$5.00 per 1L", "category": "Drinks"},
{"title": "Coles Asian Choy Chinese Broccoli | 1 each", "price": "$2.50", "price_calculation": "$2.50 per 1ea", "category": "Fruit & Vegetables"},
{"title": "Woodstock Bourbon & Cola 4.8% Can  375mL | 10 Pack", "price": "$36.00", "price_calculation": "$9.60 per 1L", "category": "Liquor"},
{"title": "Coca-Cola Zero Sugar Soft Drink Multipack Cans 24x375mL | 24 pack", "price": "$20.00", "price_calculation": "$2.22 per 1L", "category": "Drinks"},
{"title": "Coles Modi Apples | approx 180g", "price": "$1.06", "price_calculation": "$5.90 per 1kg", "category": "Fruit & Vegetables"},
{"title": "Selaks Taste Collection Buttery Chardonnay 750mL | 1 Each", "price": "$13.00", "price_calculation": null, "category": "Liquor"},
{"title": "Coles Soft Drink Lemonade | 1.25L", "price": "$0.90", "price_calculation": "$0.72 per 1L", "category": "Drinks"},
{"title": "Coles Roasted & Salted Cashews | 750g", "price": "$16.00", "price_calculation": "$21.33 per 1kg", "category": "Fruit & Vegetables"},
{"title": "Peroni Nastro Azzurro 5% Bottle 330mL | 6 Pack", "price": "$20.00", "price_calculation": "$10.10 per 1L", "category": "Liquor"},
{"title": "Coca-Cola Classic Soft Drink Can | 250mL", "price": "$1.80", "price_calculation": "$7.20 per 1L", "category": "Drinks"},
{"title": "Coles Lady Finger Bananas | approx 160g", "price": "$1.26", "price_calculation": "$7.90 per 1kg", "category": "Fruit & Vegetables"},
{"title": "Great Northern Super Crisp Lager Bottle 330mL | 6 Pack", "price": "$20.00", "price_calculation": "$10.10 per 1L", "category": "Liquor"},
{"title": "Nestle Milo Chocolate Malt Powder Drink | 460g", "price": "$9.40", "price_calculation": "$2.04 per 100g", "category": "Drinks"},
{"title": "Coles Fresh Turnips | approx 180g", "price": "$0.90", "price_calculation": "$5.00 per 1kg", "category": "Fruit & Vegetables"},
{"title": "Asahi Super Dry Bottle 330mL | 24 Pack", "price": "$53.00", "price_calculation": "$0.67 per 100mL", "category": "Liquor"},
{"title": "Pepsi Cola Soft Drink Bottle | 1.25L", "price": "$1.70", "price_calculation": "$1.36 per 1L", "category": "Drinks"},
{"title": "Coles Kitchen Shredded Carrot | 200g", "price": "$2.00", "price_calculation": "$10.00 per 1kg", "category": "Fruit & Vegetables"},
{"title": "Jack Daniels & Cola Can 375mL | 10 Pack", "price": "$48.00", "price_calculation": null, "category": "Liquor"},
{"title": "Solo Lemon Soft Drink | 1.25L", "price": "$1.70", "price_calculation": "$1.36 per 1L", "category": "Drinks"},
{"title": "Coles Kitchen Beetroot Slaw | 200g", "price": "$2.00", "price_calculation": "$10.00 per 1kg", "category": "Fruit & Vegetables"},
{"title": "Brown Brothers Moscato 750mL | 1 Each", "price": "$16.00", "price_calculation": "$21.33 per 1L", "category": "Liquor"},
{"title": "Golden Circle 100% Apple Juice No Added Sugar Fruit Juice | 2L", "price": "$3.50", "price_calculation": "$1.75 per 1L", "category": "Drinks"},
{"title": "Coles Fruit & Nut Mix | 400g", "price": "$4.00", "price_calculation": "$10.00 per 1kg", "category": "Fruit & Vegetables"},
{"title": "Parson's Paddock Shiraz 750mL | 1 Each", "price": "$8.00", "price_calculation": "$10.67 per 1L", "category": "Liquor"},
{"title": "Nescafe Blend 43 Instant Coffee | 150g", "price": "$5.75", "price_calculation": "$3.83 per 100g", "category": "Drinks"},
{"title": "Coles Natural Cashews | 400g", "price": "$8.00", "price_calculation": "$20.00 per 1kg", "category": "Fruit & Vegetables"},
{"title": "Pepperjack Cabernet Sauvignon 750mL | 1 Each", "price": "$25.00", "price_calculation": "$33.33 per 1L", "category": "Liquor"},
{"title": "Sunkist Orange Crush | 1.25L", "price": "$1.70", "price_calculation": "$1.36 per 1L", "category": "Drinks"},
{"title": "Coles BBQ Rice Crackers | approx 100g", "price": "$1.80", "price_calculation": "$18.00 per 1kg", "category": "Fruit & Vegetables"},
{"title": "Smirnoff Red Vodka 700mL | 1 Each", "price": "$43.00", "price_calculation": "$61.43 per 1L", "category": "Liquor"},
{"title": "Pauls Zymil Full Cream Long Life Milk | 1L", "price": "$3.00", "price_calculation": "$3.00 per 1L", "category": "Drinks"},
{"title": "Coles Dried Apricots | approx 100g", "price": "$1.80", "price_calculation": "$18.00 per 1kg", "category": "Fruit & Vegetables"},
{"title": "Johnnie Walker Red Label Scotch Whisky 1L | 1 Each", "price": "$64.00", "price_calculation": "$64.00 per 1L", "category": "Liquor"},
{"title": "Lipton Peach Ice Tea | 500mL", "price": "$2.85", "price_calculation": "$5.70 per 1L", "category": "Drinks"},
{"title": "Coles Roasted Unsalted Cashews | approx 100g", "price": "$2.40", "price_calculation": "$24.00 per 1kg", "category": "Fruit & Vegetables"},
{"title": "Heineken Bottle 330mL | 24 Pack", "price": "$53.00", "price_calculation": "$0.67 per 100mL", "category": "Liquor"},
{"title": "Daily Juice No Added Sugar Orange Juice | 2L", "price": "$5.00", "price_calculation": "$2.50 per 1L", "category": "Drinks"},
{"title": "Coles Kitchen Chicken Caesar Salad Bowl | 180g", "price": "$6.50", "price_calculation": "$36.11 per 1kg", "category": "Fruit & Vegetables"},
{"title": "Yellow Tail Bubbles 750mL | 1 Each", "price": "$10.00", "price_calculation": "$13.33 per 1L", "category": "Liquor"},
{"title": "Red Bull Energy Drink 4X250mL | 4 pack", "price": "$11.25", "price_calculation": "$11.25 per 1L", "category": "Drinks"},
{"title": "Coles Roasted Unsalted Almonds | approx 100g", "price": "$2.20", "price_calculation": "$22.00 per 1kg", "category": "Fruit & Vegetables"},
{"title": "Pure Blonde Bottle 355mL | 24 Pack", "price": "$53.00", "price_calculation": "$6.24 per 1L", "category": "Liquor"},
{"title": "Devondale Semi Skim Long Life Milk | 1L", "price": "$2.20", "price_calculation": "$2.20 per 1L", "category": "Drinks"},
{"title": "Coles Orange Candy Melon | 1 each", "price": "$4.90", "price_calculation": "$4.90 per 1ea", "category": "Fruit & Vegetables"},
{"title": "Hardys VR Chardonnay 1L | 1 Each", "price": "$8.00", "price_calculation": "$8.00 per 1L", "category": "Liquor"},
{"title": "Monster Green Can Energy Drink  | 500mL", "price": "$2.55", "price_calculation": "$5.10 per 1L", "category": "Drinks"},
{"title": "Coles Australian Salad Family Baby Leaf Blend | 300g", "price": "$5.00", "price_calculation": "$16.67 per 1kg", "category": "Fruit & Vegetables"},
{"title": "Guinness Draught Can 440mL | 6 Pack", "price": "$20.00", "price_calculation": "$7.58 per 1L", "category": "Liquor"},
{"title": "Coca-Cola Zero Sugar Soft Drink Can | 250mL", "price": "$1.80", "price_calculation": "$7.20 per 1L", "category": "Drinks"},
{"title": "Coles Spinach Bunch | 1 each", "price": "$4.90", "price_calculation": "$4.90 per 1ea", "category": "Fruit & Vegetables"},
{"title": "Taylors One Small Step Chardonnay 750mL | 1 Each", "price": "$12.00", "price_calculation": "$16.00 per 1L", "category": "Liquor"},
{"title": "Devondale Moo Chocolate Flavoured Multipack Milk 200mL | 6 pack", "price": "$5.90", "price_calculation": "$4.92 per 1L", "category": "Drinks"},
{"title": "Coles Pepitas | 250g", "price": "$3.00", "price_calculation": "$12.00 per 1kg", "category": "Fruit & Vegetables"},
{"title": "John Samson Scotch Whisky 700mL | 1 Each", "price": "$39.00", "price_calculation": "$55.72 per 1L", "category": "Liquor"},
{"title": "Original Juice Co. Black Label Chilled Orange Juice | 1.5L", "price": "$6.00", "price_calculation": "$4.00 per 1L", "category": "Drinks"},
{"title": "Coles Lettuce Decorative Green Oak | 1 each", "price": "$3.20", "price_calculation": "$3.20 per 1ea", "category": "Fruit & Vegetables"},
{"title": "Heineken Bottle 330mL | 6 Pack", "price": "$17.00", "price_calculation": "$0.86 per 100mL", "category": "Liquor"},
{"title": "Schweppes Mixers Lemon Lime Bitters Soda | 1.1L", "price": "$1.50", "price_calculation": "$1.36 per 1L", "category": "Drinks"},
{"title": "Coles Corn Cobettes | 400g", "price": null, "price_calculation": null, "category": "Fruit & Vegetables"},
{"title": "Woodstock Bourbon & Cola Can 12% 200mL | 4 Pack", "price": "$29.00", "price_calculation": null, "category": "Liquor"},
{"title": "Schweppes Soft Drink Lemonade | 1.1L", "price": "$1.50", "price_calculation": "$1.36 per 1L", "category": "Drinks"},
{"title": "Coles Medjool Dates loose | approx 200g", "price": "$4.40", "price_calculation": "$22.00 per 1kg", "category": "Fruit & Vegetables"},
{"title": "Carlton Dry Bottle 330mL | 6 Pack", "price": "$19.00", "price_calculation": null, "category": "Liquor"},
{"title": "Monster Energy Ultra Can | 500mL", "price": "$2.55", "price_calculation": "$5.10 per 1L", "category": "Drinks"},
{"title": "Coles Kitchen Superfood Slaw Mix | 350g", "price": "$4.00", "price_calculation": "$11.43 per 1kg", "category": "Fruit & Vegetables"},
{"title": "Whispers Sauvignon Blanc 750mL | 1 Each", "price": "$5.00", "price_calculation": "$6.67 per 1L", "category": "Liquor"},
{"title": "Coca-Cola Zero Sugar Soft Drink Multipack Mini Cans 6x250mL | 6 pack", "price": "$5.80", "price_calculation": "$3.87 per 1L", "category": "Drinks"},
{"title": "Coles Fruit & Nut Trail Mix | 400g", "price": "$4.00", "price_calculation": "$10.00 per 1kg", "category": "Fruit & Vegetables"},
{"title": "Chandon NV Sparkling Brut 750mL | 1 Each", "price": "$35.00", "price_calculation": "$46.67 per 1L", "category": "Liquor"},
{"title": "Bundaberg Brewed Drink Ginger Beer 4x375mL | 4 pack", "price": "$6.45", "price_calculation": "$4.30 per 1L", "category": "Drinks"},
{"title": "Coles Kitchen Caesar Salad Bowl | 200g", "price": "$5.50", "price_calculation": "$27.50 per 1kg", "category": "Fruit & Vegetables"},
{"title": "Wolf Blass Red Label Chardonnay 750mL | 1 Each", "price": "$7.00", "price_calculation": "$9.33 per 1L", "category": "Liquor"},
{"title": "Schweppes Mixers Tonic Water | 1.1L", "price": "$1.50", "price_calculation": "$1.36 per 1L", "category": "Drinks"},
{"title": "Fresh Red Cayenne Chillies | approx 20g", "price": "$0.60", "price_calculation": "$30.00 per 1kg", "category": "Fruit & Vegetables"},
{"title": "Grant Burge Pinot Noir Chardonnay NV 750mL | 1 Each", "price": "$20.00", "price_calculation": "$26.67 per 1L", "category": "Liquor"},
{"title": "Que Cola Soft Drink | 1.25L", "price": "$0.90", "price_calculation": "$0.72 per 1L", "category": "Drinks"},
{"title": "Coles Passionfruit | 1 each", "price": "$1.50", "price_calculation": "$1.50 per 1ea", "category": "Fruit & Vegetables"},
{"title": "Hahn Super Dry Bottle 330mL | 24 Pack", "price": "$52.00", "price_calculation": "$0.66 per 100mL", "category": "Liquor"},
{"title": "Coles Multi Vitamin Juice | 2L", "price": "$2.80", "price_calculation": "$1.40 per 1L", "category": "Drinks"},
{"title": "Coles Organic Baby Spinach | 100g", "price": "$4.50", "price_calculation": "$45.00 per 1kg", "category": "Fruit & Vegetables"},
{"title": "Hammer N Tongs Draught Block Can 330mL | 30 Pack", "price": "$39.00", "price_calculation": "$0.39 per 100mL", "category": "Liquor"},
{"title": "Red Bull Energy Drink Can | 473mL", "price": "$4.90", "price_calculation": "$10.36 per 1L", "category": "Drinks"},
{"title": "Coles Kitchen Caesar Salad Kit | 290g", "price": "$5.50", "price_calculation": "$18.97 per 1kg", "category": "Fruit & Vegetables"},
{"title": "Winton Road Barossa Valley Shiraz 750mL | 1 Each", "price": "$20.00", "price_calculation": "$26.67 per 1L", "category": "Liquor"},
{"title": "Just Juice Apple Juice Multipack 200mL | 6 pack", "price": "$5.20", "price_calculation": "$4.33 per 1L", "category": "Drinks"},
{"title": "Coles Gold Sweet Potatoes | 1kg", "price": "$4.50", "price_calculation": "$4.50 per 1kg", "category": "Fruit & Vegetables"},
{"title": "Jack Daniels & Cola Can 375mL | 6 Pack", "price": "$34.50", "price_calculation": "$1.53 per 100mL", "category": "Liquor"},
{"title": "Coles Spring Water 8x1.5L | 8 pack", "price": "$5.90", "price_calculation": "$0.49 per 1L", "category": "Drinks"},
{"title": "Coles Chilli Fried Rice Crackers | approx 100g", "price": "$1.80", "price_calculation": "$18.00 per 1kg", "category": "Fruit & Vegetables"},
{"title": "Victoria Bitter Bottle 375mL | 24 Pack", "price": "$52.00", "price_calculation": "$5.78 per 1L", "category": "Liquor"},
{"title": "Sprite Lemonade Soft Drink Bottle  | 2L", "price": "$3.00", "price_calculation": "$1.50 per 1L", "category": "Drinks"},
{"title": "Coles Snacking Carrots | 250g", "price": "$3.50", "price_calculation": "$14.00 per 1kg", "category": "Fruit & Vegetables"},
{"title": "Fifth Leg Semillon Sauvignon Blanc 750mL | 1 Each", "price": "$12.00", "price_calculation": "$16.00 per 1L", "category": "Liquor"},
{"title": "Coca-Cola Classic Soft Drink Multipack Bottles 12 x 300mL | 12 pack", "price": "$9.10", "price_calculation": "$2.53 per 1L", "category": "Drinks"},
{"title": "Coles Limes Medium 5 pack | 1 each", "price": null, "price_calculation": null, "category": "Fruit & Vegetables"},
{"title": "Stone & Wood Pacific Ale Bottle 330mL | 6 Pack", "price": "$19.00", "price_calculation": "$0.96 per 100mL", "category": "Liquor"},
{"title": "Pepsi Sunkist Sugar Free Diet Orange Crush | 1.25L", "price": "$1.70", "price_calculation": "$1.36 per 1L", "category": "Drinks"},
{"title": "Coles Pistachio Roasted & Salted | 800g", "price": "$18.00", "price_calculation": "$22.50 per 1kg", "category": "Fruit & Vegetables"},
{"title": "The Ned Pinot Gris 750mL | 1 Each", "price": "$18.00", "price_calculation": "$24.00 per 1L", "category": "Liquor"},
{"title": "Coles Brown Mushrooms Prepacked | 200g", "price": "$5.50", "price_calculation": "$27.50 per 1kg", "category": "Fruit & Vegetables"},
{"title": "Jacob's Creek Sauvignon Blanc 750mL | 1 Each", "price": "$10.00", "price_calculation": "$13.33 per 1L", "category": "Liquor"},
{"title": "Coles Dried Apricots | 400g", "price": "$6.00", "price_calculation": "$15.00 per 1kg", "category": "Fruit & Vegetables"},
{"title": "Baileys Irish Cream 1L | 1 Each", "price": "$49.00", "price_calculation": "$49.00 per 1L", "category": "Liquor"},
{"title": "Coles Natural Almonds | approx 100g", "price": "$2.20", "price_calculation": "$22.00 per 1kg", "category": "Fruit & Vegetables"},
{"title": "Hidden Gem Cabernet Merlot 750mL | 1 Each", "price": "$4.00", "price_calculation": "$0.53 per 100mL", "category": "Liquor"},
{"title": "Coles Fennel | 1 bunch", "price": "$3.50", "price_calculation": "$3.50 per 1ea", "category": "Fruit & Vegetables"},
{"title": "Houghton White Classic 750mL | 1 Each", "price": "$13.00", "price_calculation": "$17.33 per 1L", "category": "Liquor"},
{"title": "Peroni Nastro Azzurro 5% Bottle 330mL | 24 Pack", "price": "$50.00", "price_calculation": null, "category": "Liquor"},
{"title": "Whispers White Moscato 750mL | 1 Each", "price": "$5.00", "price_calculation": null, "category": "Liquor"},
{"title": "Yellow Tail Chardonnay 750mL | 1 Each", "price": "$10.00", "price_calculation": "$13.33 per 1L", "category": "Liquor"},
{"title": "Great Northern Original Can 375mL | 8 Pack", "price": "$23.00", "price_calculation": "$7.67 per 1L", "category": "Liquor"},
{"title": "Jamiesons Run Grazier Chardonnay 750mL | 1 Each", "price": "$6.00", "price_calculation": "$8.00 per 1L", "category": "Liquor"},
{"title": "Renmano Aged Tawny Cask 2L | 1 Each", "price": "$12.00", "price_calculation": "$6.00 per 1L", "category": "Liquor"},
{"title": "Hidden Gem Semillon Sauvignon Blanc 750mL | 1 Each", "price": "$4.00", "price_calculation": "$5.33 per 1L", "category": "Liquor"},
{"title": "Coles Deli Vine Leaves Stuffed Dolmades | 1 each", "price": "$0.50", "price_calculation": "$0.50 per 1ea", "category": "Deli"},
{"title": "Primo Danish Salami | approx 100g", "price": "$3.10", "price_calculation": "$31.00 per 1kg", "category": "Deli"},
{"title": "Fine Foods Cracked Pepper Wafer Crackers | 100g", "price": "$3.50", "price_calculation": "$3.50 per 100g", "category": "Deli"},
{"title": "Primo Rindless Middle Bacon | 250g", "price": "$5.00", "price_calculation": "$20.00 per 1kg", "category": "Deli"},
{"title": "Coles Pepperoni | 200g", "price": "$6.90", "price_calculation": "$34.50 per 1kg", "category": "Deli"},
{"title": "Primo Prosciutto Boneless | approx 100g", "price": "$4.90", "price_calculation": "$49.00 per 1kg", "category": "Deli"},
{"title": "Don Liverwurst Latvian | 100g", "price": "$2.50", "price_calculation": "$25.00 per 1kg", "category": "Deli"},
{"title": "Natural  Wafer Crackers | 100g", "price": "$3.50", "price_calculation": "$3.50 per 100g", "category": "Deli"},
{"title": "Coles Deli Express Kabana | 220g", "price": "$4.50", "price_calculation": "$20.45 per 1kg", "category": "Deli"},
{"title": "Don Crafted Cuts Double Smoked Pansize Bacon | 200g", "price": "$6.80", "price_calculation": "$34.00 per 1kg", "category": "Deli"},
{"title": "Coles Baby Spinach | 60g", "price": "$2.00", "price_calculation": "$33.34 per 1kg", "category": "Fruit & Vegetables"},
{"title": "Coles Deli Thawed Australian MSC Raw Peeled Banana Prawn Meat | approx 250g", "price": "$10.75", "price_calculation": "$43.00 per 1kg", "category": "Deli"},
{"title": "Coles Kent Pumpkin Cut | approx 900g", "price": "$2.70", "price_calculation": "$3.00 per 1kg", "category": "Fruit & Vegetables"},
{"title": "Don Pariser | approx 100g", "price": "$1.75", "price_calculation": "$17.50 per 1kg", "category": "Deli"},
{"title": "Coles Baby Cos Lettuce | 2 pack", "price": "$3.50", "price_calculation": "$1.75 per 1ea", "category": "Fruit & Vegetables"},
{"title": "Coles Pitted Green Olives With Thyme Garlic Red Wine | approx 100g", "price": "$1.60", "price_calculation": "$16.00 per 1kg", "category": "Deli"},
{"title": "Fresh Granny Smith Medium Apples | approx 170g", "price": "$0.77", "price_calculation": "$4.50 per 1kg", "category": "Fruit & Vegetables"},
{"title": "Hans Hot Twiggy Sticks | approx 100g", "price": "$2.35", "price_calculation": "$23.50 per 1kg", "category": "Deli"},
{"title": "Coles Celery | 1 bunch", "price": "$3.00", "price_calculation": "$3.00 per 1ea", "category": "Fruit & Vegetables"},
{"title": "Coles Deli Seafood Salad | approx 250g", "price": "$4.25", "price_calculation": "$17.00 per 1kg", "category": "Deli"},
{"title": "Coles Garlic loose | approx 60g", "price": "$1.74", "price_calculation": "$29.00 per 1kg", "category": "Fruit & Vegetables"},
{"title": "Coles Deli Thawed MSC Raw Lobster Tails | 1 each", "price": "$10.00", "price_calculation": "$10.00 per 1ea", "category": "Deli"},
{"title": "Coles Creme Royale Brushed Potatoes loose | approx 200g", "price": "$0.70", "price_calculation": "$3.50 per 1kg", "category": "Fruit & Vegetables"},
{"title": "Jarlsberg Swiss Original Wedge Cut | approx 100g", "price": "$2.65", "price_calculation": "$26.50 per 1kg", "category": "Deli"},
{"title": "Coles Strawberries Premium | 350g", "price": "$8.90", "price_calculation": "$25.43 per 1kg", "category": "Fruit & Vegetables"},
{"title": "Thomson's Deli Middle Bacon | 250g", "price": "$4.00", "price_calculation": "$16.00 per 1kg", "category": "Deli"},
{"title": "Coles Kids Pack Bananas | 750g", "price": "$4.00", "price_calculation": "$5.33 per 1kg", "category": "Fruit & Vegetables"},
{"title": "Don Ready To Eat Kabana Minis | 140g", "price": "$4.00", "price_calculation": "$28.57 per 1kg", "category": "Deli"},
{"title": "Coles Green Asparagus | 1 each", "price": "$3.50", "price_calculation": "$3.50 per 1ea", "category": "Fruit & Vegetables"},
{"title": "Thomson's Deli Sliced Chicken Quad Pack | 320g", "price": "$5.70", "price_calculation": "$17.81 per 1kg", "category": "Deli"},
{"title": "Coles Sweet Corn | 1 each", "price": "$1.50", "price_calculation": "$1.50 per 1ea", "category": "Fruit & Vegetables"},
{"title": "Don Crafted Cut Bacon Shortcut | 200g", "price": "$6.80", "price_calculation": "$34.00 per 1kg", "category": "Deli"},
{"title": "Coles Leeks | 1 each", "price": "$2.50", "price_calculation": "$2.50 per 1ea", "category": "Fruit & Vegetables"},
{"title": "Don Cocktail Franks Skinless | 600g", "price": "$7.80", "price_calculation": "$13.00 per 1kg", "category": "Deli"},
{"title": "Coles 4 Leaf Salad Mix | 200g", "price": "$2.50", "price_calculation": "$12.50 per 1kg", "category": "Fruit & Vegetables"},
{"title": "Coles BBQ Seasoned Shredded Chicken | approx100g", "price": "$2.80", "price_calculation": "$28.00 per 1kg", "category": "Deli"},
{"title": "Coles Baby Carrots Prepacked | 500g", "price": "$1.20", "price_calculation": "$2.40 per 1kg", "category": "Fruit & Vegetables"},
{"title": "Coles Deli Thawed Peeled Garlic Prawns | approx 250g", "price": "$8.25", "price_calculation": "$33.00 per 1kg", "category": "Deli"},
{"title": "Coles Cup Mushrooms | 500g", "price": "$7.90", "price_calculation": "$15.80 per 1kg", "category": "Fruit & Vegetables"},
{"title": "Don Italian Style Shaved Salami | 160g", "price": "$3.20", "price_calculation": "$20.00 per 1kg", "category": "Deli"},
{"title": "Coles Half Cauliflower Precut | 1 each", "price": "$1.90", "price_calculation": "$1.90 per 1ea", "category": "Fruit & Vegetables"},
{"title": "Coles Deli Express Roast Capsicum Strips | 130g", "price": "$3.50", "price_calculation": "$26.92 per 1kg", "category": "Deli"},
{"title": "Coles Red Royale Potatoes Loose | approx 170g", "price": "$0.77", "price_calculation": "$4.50 per 1kg", "category": "Fruit & Vegetables"},
{"title": "British Sausage Co Smoked Back Bacon | 200g", "price": "$5.60", "price_calculation": "$28.00 per 1kg", "category": "Deli"},
{"title": "Coles Pink Lady Apples 1kg | 1 each", "price": "$5.90", "price_calculation": "$5.90 per 1kg", "category": "Fruit & Vegetables"},
{"title": "Coles Deli Thawed Cooked Peeled Prawn Cutlets | approx 250g", "price": "$8.50", "price_calculation": "$34.00 per 1kg", "category": "Deli"},
{"title": "Coles Ginger loose | approx 120g", "price": "$3.24", "price_calculation": "$27.00 per 1kg", "category": "Fruit & Vegetables"},
{"title": "Coles Deli Thawed Cooked Peeled Prawn Cutlets | 1kg", "price": "$34.00", "price_calculation": "$34.00 per 1kg", "category": "Deli"},
{"title": "Coles Sliced Mushrooms | 200g", "price": "$3.80", "price_calculation": "$19.00 per 1kg", "category": "Fruit & Vegetables"},
{"title": "Coles Deli RSPCA Approved Chicken Nibbles Honey Soy | approx 70g", "price": "$0.53", "price_calculation": "$7.50 per 1kg", "category": "Deli"},
{"title": "Coles Royal Gala Apples 1Kg | 1 each", "price": "$5.50", "price_calculation": "$5.50 per 1kg", "category": "Fruit & Vegetables"},
{"title": "OB Finest Gluten Free Wafer Crackers | 100g", "price": "$3.50", "price_calculation": "$3.50 per 100g", "category": "Deli"},
{"title": "Coles Sweet Corn Prepacked | 4 pack", "price": null, "price_calculation": null, "category": "Fruit & Vegetables"},
{"title": "Thomson's Deli Streaky Bacon | 200g", "price": "$4.10", "price_calculation": "$20.50 per 1kg", "category": "Deli"},
{"title": "Fresh Purple Eggplant | approx 500g", "price": "$3.95", "price_calculation": "$7.90 per 1kg", "category": "Fruit & Vegetables"},
{"title": "Coles Sliced Peri Peri Roast Chicken Breast | 150g", "price": "$6.00", "price_calculation": "$40.00 per 1kg", "category": "Deli"},
{"title": "Coles Apples Mini 1kg | 1 each", "price": "$3.00", "price_calculation": "$3.00 per 1kg", "category": "Fruit & Vegetables"},
{"title": "Don Shredded Ham | approx 100g", "price": "$2.00", "price_calculation": "$20.00 per 1kg", "category": "Deli"},
{"title": "Coles Navel Oranges | 3kg", "price": "$6.90", "price_calculation": "$2.30 per 1kg", "category": "Fruit & Vegetables"},
{"title": "Hans Devon | approx 100g", "price": "$0.85", "price_calculation": "$8.50 per 1kg", "category": "Deli"},
{"title": "Coles Asian Choy Pak | 1 each", "price": "$2.50", "price_calculation": "$2.50 per 1ea", "category": "Fruit & Vegetables"},
{"title": "Coles Deli Thawed Seafood Highlighter | approx 250g", "price": "$1.50", "price_calculation": "$6.00 per 1kg", "category": "Deli"},
{"title": "Coles Vine Ripened Tomatoes Prepacked | 500g", "price": "$6.90", "price_calculation": "$13.80 per 1kg", "category": "Fruit & Vegetables"},
{"title": "Fine Foods Sesame Wafer Crackers | 100g", "price": "$3.50", "price_calculation": "$3.50 per 100g", "category": "Deli"},
{"title": "Coles Garlic Bulb Prepack | 4 pack", "price": "$3.50", "price_calculation": "$31.82 per 1kg", "category": "Fruit & Vegetables"},
{"title": "OB Finest Cranberry & Pumpkin Seed Crackers | 150g", "price": "$6.50", "price_calculation": "$4.33 per 100g", "category": "Deli"},
{"title": "Coles Kanzi Red Apples | approx 180g", "price": "$1.24", "price_calculation": "$6.90 per 1kg", "category": "Fruit & Vegetables"},
{"title": "Provedore Free Range Chorizo | 200g", "price": "$6.50", "price_calculation": "$32.50 per 1kg", "category": "Deli"},
{"title": "Coles Bravo Apples | approx 170g", "price": "$0.83", "price_calculation": "$4.90 per 1kg", "category": "Fruit & Vegetables"},
{"title": "Don Crafted Cuts Streaky Bacon | 180g", "price": "$6.80", "price_calculation": "$37.78 per 1kg", "category": "Deli"},
{"title": "Coles Red Cherries Prepacked | 300g", "price": "$8.00", "price_calculation": "$26.67 per 1kg", "category": "Fruit & Vegetables"},
{"title": "Primo Kransky | 1 each", "price": "$2.35", "price_calculation": "$2.35 per 1ea", "category": "Deli"},
{"title": "Coles Medium Lemons 5 Pack | 1 each", "price": "$4.90", "price_calculation": "$4.90 per 1ea", "category": "Fruit & Vegetables"},
{"title": "Coles Green Olives Chilli & Garlic | 110g", "price": "$3.50", "price_calculation": "$31.82 per 1kg", "category": "Deli"},
{"title": "Coles 4 Leaf Salad Mix | 120g", "price": "$2.00", "price_calculation": "$16.67 per 1kg", "category": "Fruit & Vegetables"},
{"title": "Primo Bacon Style Pieces Twin Pack | 300g", "price": "$4.80", "price_calculation": "$16.00 per 1kg", "category": "Deli"},
{"title": "Coles Trimmed Celery Prepacked | 1 each", "price": "$4.50", "price_calculation": "$4.50 per 1ea", "category": "Fruit & Vegetables"},
{"title": "Coles Australian Made Rindless Short Cut Bacon | 200g", "price": "$5.00", "price_calculation": "$25.00 per 1kg", "category": "Deli"},
{"title": "Coles Cup Mushrooms Prepacked | 200g", "price": "$3.80", "price_calculation": "$19.00 per 1kg", "category": "Fruit & Vegetables"},
{"title": "OB Finest Fig & Almond Crackers | 150g", "price": "$6.50", "price_calculation": "$4.33 per 100g", "category": "Deli"},
{"title": "Coles Salad Family Baby Spinach | 280g", "price": "$5.00", "price_calculation": "$17.86 per 1kg", "category": "Fruit & Vegetables"},
{"title": "Coles Rockmelon Whole | 1 each", "price": "$5.90", "price_calculation": "$5.90 per 1ea", "category": "Fruit & Vegetables"},
{"title": "Coles I'm Perfect Avocados | 1kg", "price": "$4.50", "price_calculation": "$4.50 per 1kg", "category": "Fruit & Vegetables"},
{"title": "Coles Baby Rocket | 60g", "price": "$2.00", "price_calculation": "$33.34 per 1kg", "category": "Fruit & Vegetables"},
{"title": "Coles Shredded Iceberg Lettuce | 200g", "price": "$2.00", "price_calculation": "$10.00 per 1kg", "category": "Fruit & Vegetables"},
{"title": "Coles Specialty White Seedless Grapes Prepacked | 500g", "price": "$6.50", "price_calculation": "$13.00 per 1kg", "category": "Fruit & Vegetables"},
{"title": "Coles I'M Perfect Carrots Prepacked | 1.5kg", "price": "$1.50", "price_calculation": "$1.00 per 1kg", "category": "Fruit & Vegetables"},
{"title": "Coles Half Drumhead Cabbage | 1 each", "price": "$3.90", "price_calculation": "$3.90 per 1ea", "category": "Fruit & Vegetables"},
{"title": "Coles Jumbo Value Pack Baby Spinach | 400g", "price": "$5.80", "price_calculation": "$14.50 per 1kg", "category": "Fruit & Vegetables"},
{"title": "Coles Limes Medium Loose | 1 each", "price": null, "price_calculation": null, "category": "Fruit & Vegetables"},
{"title": "Cleaver's Beef Mince Free Range Organic                                                                                                    | 500g", "price": "$12.50", "price_calculation": "$25.00 per 1kg", "category": "Meat & Seafood"},
{"title": "Coles Beef Fillet Steak | 450g", "price": "$23.50", "price_calculation": "$52.22 per 1kg", "category": "Meat & Seafood"},
{"title": "McCormick Grill Mates Tennessee Smokehouse BBQ Rub | 40g", "price": "$2.50", "price_calculation": "$0.63 per 10g", "category": "Meat & Seafood"},
{"title": "Coles Beef T Bone Steak | approx 500g", "price": "$15.00", "price_calculation": "$30.00 per 1kg", "category": "Meat & Seafood"},
{"title": "Coles Dairy Shredded Parmesan Cheese | 250g", "price": "$6.50", "price_calculation": "$26.00 per 1kg", "category": "Dairy, Eggs & Fridge"},
{"title": "Coles Lamb Cutlets | approx 320g", "price": "$13.76", "price_calculation": "$43.00 per 1kg", "category": "Meat & Seafood"},
{"title": "Western Star Chef's Choice Unsalted Cultured Butter | 500g", "price": "$7.50", "price_calculation": "$1.50 per 100g", "category": "Dairy, Eggs & Fridge"},
{"title": "Ocean Blue Sliced Smoked Salmon | 50g", "price": "$4.90", "price_calculation": "$98.00 per 1kg", "category": "Meat & Seafood"},
{"title": "Coles Dairy Shredded Tasty Cheese | 250g", "price": "$5.00", "price_calculation": "$20.00 per 1kg", "category": "Dairy, Eggs & Fridge"},
{"title": "Lilydale Free Range Chicken Stir Fry | 500g", "price": "$12.50", "price_calculation": "$25.00 per 1kg", "category": "Meat & Seafood"},
{"title": "Chobani Greek Yogurt Natural Light | 907g", "price": "$6.30", "price_calculation": "$0.69 per 100g", "category": "Dairy, Eggs & Fridge"},
{"title": "Coles Pork Ribs BBQ | approx 1.2kg", "price": "$24.00", "price_calculation": "$20.00 per 1kg", "category": "Meat & Seafood"},
{"title": "Pura Full Cream Milk | 1L", "price": "$2.70", "price_calculation": "$2.70 per 1L", "category": "Dairy, Eggs & Fridge"},
{"title": "Coles Deli RSPCA Approved Chicken Breast Satay Style Kebab | 1 each", "price": "$1.10", "price_calculation": "$1.10 per 1ea", "category": "Meat & Seafood"},
{"title": "Coles Lactose Free Full Cream Milk | 1L", "price": "$3.10", "price_calculation": "$3.10 per 1L", "category": "Dairy, Eggs & Fridge"},
{"title": "Coles Pork Mini Shoulder Roast Boneless | approx 1kg", "price": "$12.00", "price_calculation": "$12.00 per 1kg", "category": "Meat & Seafood"},
{"title": "Coles Pizza Blend Shredded Cheese | 700g", "price": "$11.00", "price_calculation": "$15.71 per 1kg", "category": "Dairy, Eggs & Fridge"},
{"title": "Coles Boneless Small Pork Loin Roast | approx 1.25kg", "price": "$15.00", "price_calculation": "$12.00 per 1kg", "category": "Meat & Seafood"},
{"title": "Farmers Union Greek Style Passionfruit Yoghurt Pouch | 130g", "price": "$1.20", "price_calculation": "$0.92 per 100g", "category": "Dairy, Eggs & Fridge"},
{"title": "Coles Beef Rump Steak | approx 832g", "price": "$19.97", "price_calculation": "$24.00 per 1kg", "category": "Meat & Seafood"},
{"title": "A2 Light Fat Milk | 1L", "price": "$3.80", "price_calculation": "$3.80 per 1L", "category": "Dairy, Eggs & Fridge"},
{"title": "Coles Deli Rspca Approved Chicken Wings | approx 120g", "price": "$0.84", "price_calculation": "$7.00 per 1kg", "category": "Meat & Seafood"},
{"title": "Sunny Queen Free Range X Large Eggs 6 pack | 350g", "price": "$4.20", "price_calculation": "$1.20 per 100g", "category": "Dairy, Eggs & Fridge"},
{"title": "Coles Finest Mixed Selection Sausage Pack | 500g", "price": "$8.00", "price_calculation": "$16.00 per 1kg", "category": "Meat & Seafood"},
{"title": "Dairylea Original Cheese Slices 12 pack | 216g", "price": "$5.00", "price_calculation": "$23.15 per 1kg", "category": "Dairy, Eggs & Fridge"},
{"title": "Coles Free Range Pork Belly Slices 11X5 | 400g", "price": "$10.00", "price_calculation": "$25.00 per 1kg", "category": "Meat & Seafood"},
{"title": "Big M Original Chocolate Flavoured Milk | 2L", "price": "$5.00", "price_calculation": "$2.50 per 1L", "category": "Dairy, Eggs & Fridge"},
{"title": "Coles Deli Fresh Salmon Fins | approx 250g", "price": "$3.75", "price_calculation": "$15.00 per 1kg", "category": "Meat & Seafood"},
{"title": "Flora ProActiv Margarine Spread Buttery | 250g", "price": "$2.85", "price_calculation": "$1.14 per 100g", "category": "Dairy, Eggs & Fridge"},
{"title": "Drovers Beef Ribs | approx 1.7kg", "price": "$20.40", "price_calculation": "$12.00 per 1kg", "category": "Meat & Seafood"},
{"title": "Tamar Valley Greek Yoghurt | 1kg", "price": "$8.00", "price_calculation": "$0.80 per 100g", "category": "Dairy, Eggs & Fridge"},
{"title": "Coles RSPCA Approved Chicken Breast Kiev Garlic Butter  | 700g", "price": "$9.50", "price_calculation": "$13.57 per 1kg", "category": "Meat & Seafood"},
{"title": "Coles Lactose Free Lite Milk | 1L", "price": "$3.10", "price_calculation": "$3.10 per 1L", "category": "Dairy, Eggs & Fridge"},
{"title": "Coles Graze Grassfed Beef Fillet Steak | 300g", "price": "$17.00", "price_calculation": "$56.67 per 1kg", "category": "Meat & Seafood"},
{"title": "Bulla Thickened Cream | 600mL", "price": "$6.00", "price_calculation": "$1.00 per 100mL", "category": "Dairy, Eggs & Fridge"},
{"title": "Drovers Choice Beef Rump Steak | 230g", "price": "$6.00", "price_calculation": "$26.09 per 1kg", "category": "Meat & Seafood"},
{"title": "Yakult Fermented Light Probiotic Milk 5 Pack | 65mL", "price": "$4.00", "price_calculation": "$12.31 per 1L", "category": "Dairy, Eggs & Fridge"},
{"title": "Rocco's Smokey Bacon & Cheese Sausages | 450g", "price": "$8.00", "price_calculation": "$17.78 per 1kg", "category": "Meat & Seafood"},
{"title": "Vaalia Kids Strawberry Yoghurt Pouch | 140g", "price": "$1.60", "price_calculation": "$1.14 per 100g", "category": "Dairy, Eggs & Fridge"},
{"title": "Coles RSPCA Approved Chicken Popcorn Southern Fried | 400g", "price": "$8.00", "price_calculation": "$20.00 per 1kg", "category": "Meat & Seafood"},
{"title": "Pauls Zymil Low Fat Milk | 1L", "price": "$3.90", "price_calculation": "$3.90 per 1L", "category": "Dairy, Eggs & Fridge"},
{"title": "Coles Finest Beef With Brisket Burger | 600g", "price": "$9.00", "price_calculation": "$15.00 per 1kg", "category": "Meat & Seafood"},
{"title": "Yakult Fermented Probiotic Milk 5 pack | 65mL", "price": "$4.00", "price_calculation": "$12.31 per 1L", "category": "Dairy, Eggs & Fridge"},
{"title": "Coles Graze Grassfed Beef Rump Steak | 300g", "price": "$11.00", "price_calculation": "$36.67 per 1kg", "category": "Meat & Seafood"},
{"title": "Coles Cheese Shredded Mozzarella | 250g", "price": "$5.00", "price_calculation": "$20.00 per 1kg", "category": "Dairy, Eggs & Fridge"},
{"title": "Coles Tasmanian Salmon Diced | 300g", "price": "$11.50", "price_calculation": "$38.33 per 1kg", "category": "Meat & Seafood"},
{"title": "Pampas Frozen Puff Pastry Sheets 6 pieces | 1kg", "price": "$5.20", "price_calculation": "$0.52 per 100g", "category": "Dairy, Eggs & Fridge"},
{"title": "Tassal Tasmanian Smoked Salmon | 150g", "price": "$12.00", "price_calculation": "$80.01 per 1kg", "category": "Meat & Seafood"},
{"title": "Pauls Physical Reduced Fat Hi Calcium Milk | 2L", "price": "$5.80", "price_calculation": "$2.90 per 1L", "category": "Dairy, Eggs & Fridge"},
{"title": "Coles Finest Lamb Frenched Rack Roast | approx 226g", "price": "$9.04", "price_calculation": "$40.00 per 1kg", "category": "Meat & Seafood"},
{"title": "Flora ProActiv Margarine Spread Original | 250g", "price": "$2.85", "price_calculation": "$1.14 per 100g", "category": "Dairy, Eggs & Fridge"},
{"title": "Coles No Added Hormone Beef Rump Medallions | 300g", "price": "$12.00", "price_calculation": "$40.00 per 1kg", "category": "Meat & Seafood"},
{"title": "Thomson'S Deli English Style Ham Quad Pack | 400g", "price": "$5.50", "price_calculation": "$13.75 per 1kg", "category": "Dairy, Eggs & Fridge"},
{"title": "Coles Deli Fresh Saddletail Snapper Fillet | approx 250g", "price": "$9.00", "price_calculation": "$36.00 per 1kg", "category": "Meat & Seafood"},
{"title": "Sanitarium So Good Long Life Unsweetened Almond Milk | 1L", "price": "$2.90", "price_calculation": "$2.90 per 1L", "category": "Dairy, Eggs & Fridge"},
{"title": "Coles Finest Lamb Garlic And Oregano Sausages | 450g", "price": "$8.00", "price_calculation": "$17.78 per 1kg", "category": "Meat & Seafood"},
{"title": "Coles Australian Smokey Individually Wrapped Slices 12 Pack | 250g", "price": "$3.70", "price_calculation": "$14.80 per 1kg", "category": "Dairy, Eggs & Fridge"},
{"title": "Coles Diced Casserole | 500g", "price": "$11.00", "price_calculation": "$22.00 per 1kg", "category": "Meat & Seafood"},
{"title": "Coles Dairy Hommus Dip | 200g", "price": "$2.50", "price_calculation": "$1.25 per 100g", "category": "Dairy, Eggs & Fridge"},
{"title": "Coles Smoked Meaty Pork Leg Hock | approx 1kg", "price": "$13.50", "price_calculation": "$13.50 per 1kg", "category": "Meat & Seafood"},
{"title": "Vitasoy Dairy Soy Light Calcium Plus | 1L", "price": "$2.50", "price_calculation": "$2.50 per 1L", "category": "Dairy, Eggs & Fridge"},
{"title": "Coles Beef Scotch Fillet Thin Cut | 400g", "price": "$19.00", "price_calculation": "$47.50 per 1kg", "category": "Meat & Seafood"},
{"title": "Coles Spread Regular | 1kg", "price": "$3.50", "price_calculation": "$0.35 per 100g", "category": "Dairy, Eggs & Fridge"},
{"title": "Coles Beef Ribs | approx 800g", "price": "$11.20", "price_calculation": "$14.00 per 1kg", "category": "Meat & Seafood"},
{"title": "Western Star Chef's Choice Unsalted Cultured Butter Pat | 250g", "price": "$4.80", "price_calculation": "$1.92 per 100g", "category": "Dairy, Eggs & Fridge"},
{"title": "Coles RSPCA Approved Chicken Burgers Plain Crumb | 1.2kg", "price": "$14.00", "price_calculation": "$11.67 per 1kg", "category": "Meat & Seafood"},
{"title": "Thomson's Deli Honey Ham Sliced Quad Pack | 400g", "price": "$5.50", "price_calculation": "$13.75 per 1kg", "category": "Dairy, Eggs & Fridge"},
{"title": "Tassal Salmon Portions Skin On | 300g", "price": "$14.00", "price_calculation": "$46.67 per 1kg", "category": "Meat & Seafood"},
{"title": "Gippsland Dairy Blueberry Twist Yoghurt | 700g", "price": "$5.00", "price_calculation": "$0.71 per 100g", "category": "Dairy, Eggs & Fridge"},
{"title": "Coles Deli RSPCA Approved Chicken Schnitzel | 250g", "price": "$3.50", "price_calculation": "$14.00 per 1kg", "category": "Meat & Seafood"},
{"title": "Devondale Full Cream Long Life Milk 6 pack | 1.2L", "price": "$6.00", "price_calculation": "$5.00 per 1L", "category": "Dairy, Eggs & Fridge"},
{"title": "Coles RSPCA Approved Chicken Necks | approx 1.1kg", "price": "$7.15", "price_calculation": "$6.50 per 1kg", "category": "Meat & Seafood"},
{"title": "Farmers Union Greek Style Vanilla Bean Yoghurt | 130g", "price": "$1.20", "price_calculation": "$0.92 per 100g", "category": "Dairy, Eggs & Fridge"},
{"title": "Coles RSPCA Approved Chicken Tenders Southern Fried | 400g", "price": "$10.00", "price_calculation": "$25.00 per 1kg", "category": "Meat & Seafood"},
{"title": "Coles Light Greek Style Yoghurt | 1kg", "price": "$4.40", "price_calculation": "$0.44 per 100g", "category": "Dairy, Eggs & Fridge"},
{"title": "Coles Made Easy Lamb Strips In Souvlaki Seasoning | 500g", "price": "$13.00", "price_calculation": "$26.00 per 1kg", "category": "Meat & Seafood"},
{"title": "Bega Strong & Bitey Natural Vintage Slices | 500g", "price": "$10.50", "price_calculation": "$21.00 per 1kg", "category": "Dairy, Eggs & Fridge"},
{"title": "Coles Beef Blade Roast | approx 1.42kg", "price": "$21.30", "price_calculation": "$15.00 per 1kg", "category": "Meat & Seafood"},
{"title": "Coles Kitchen Garlic Baguette Twin Pack | 450g", "price": "$2.90", "price_calculation": "$0.64 per 100g", "category": "Dairy, Eggs & Fridge"},
{"title": "Tassal Tasmanian Smoked Salmon | 100g", "price": "$9.00", "price_calculation": "$90.00 per 1kg", "category": "Meat & Seafood"},
{"title": "Hunt & Brew Extra Creamy Milk | 1L", "price": "$3.15", "price_calculation": "$3.15 per 1L", "category": "Dairy, Eggs & Fridge"},
{"title": "Coles Finest Carbon Neutral Beef Mince | 500g", "price": "$10.50", "price_calculation": "$21.00 per 1kg", "category": "Meat & Seafood"},
{"title": "Olive Grove Classic Olive Oil Margarine Tub | 500g", "price": "$5.65", "price_calculation": "$1.13 per 100g", "category": "Dairy, Eggs & Fridge"},
{"title": "Western Star Original Salted Butter Pat | 500g", "price": "$7.50", "price_calculation": "$1.50 per 100g", "category": "Dairy, Eggs & Fridge"},
{"title": "Lurpak Spreadable Slightly Salted | 400g", "price": "$7.50", "price_calculation": "$1.88 per 100g", "category": "Dairy, Eggs & Fridge"},
{"title": "Coles Cheddar Cheese Block | 1kg", "price": "$11.00", "price_calculation": "$11.00 per 1kg", "category": "Dairy, Eggs & Fridge"},
{"title": "Coles Swiss Style Cheese Slices | 200g", "price": "$5.00", "price_calculation": "$25.00 per 1kg", "category": "Dairy, Eggs & Fridge"},
{"title": "Coles Dairy Cheese Slices Processed Lite 24 Pack | 500g", "price": "$5.00", "price_calculation": "$10.00 per 1kg", "category": "Dairy, Eggs & Fridge"},
{"title": "Coles Organic Beef Rump Steak | 400g", "price": "$15.00", "price_calculation": "$37.50 per 1kg", "category": "Meat & Seafood"},
{"title": "Cleaver's Lamb Butterfly Leg Roast Gluten Free Organic & Free Range Oregano & Mint                                                        | approx 1kg", "price": "$36.50", "price_calculation": "$36.50 per 1kg", "category": "Meat & Seafood"},
{"title": "Coles Deli Thawed Prawn Skewers Chili & Lime | 1 each", "price": "$1.25", "price_calculation": "$1.25 per 1ea", "category": "Meat & Seafood"},
{"title": "Coles Deli Thawed Prawn Skewers Sweet Chilli | 5 pack", "price": "$6.25", "price_calculation": "$1.25 per 1ea", "category": "Meat & Seafood"},
{"title": "Sunfed Chicken Free Chicken Wild Meaty Chunks | 300g", "price": "$11.00", "price_calculation": "$36.67 per 1kg", "category": "Meat & Seafood"},
{"title": "Coles One Pot Beef Bourguignon | 500g", "price": "$11.00", "price_calculation": "$22.00 per 1kg", "category": "Meat & Seafood"},
{"title": "Coles Organic Beef Porterhouse Steak | 300g", "price": "$16.00", "price_calculation": "$53.34 per 1kg", "category": "Meat & Seafood"},
{"title": "Coles Made Easy Slow Cooked Lamb Shoulder In Tandoori Sauce | approx 800g", "price": "$19.20", "price_calculation": "$24.00 per 1kg", "category": "Meat & Seafood"},
{"title": "Coles Beef Mini Rump Roast No Added Hormone                                               | approx 700g", "price": "$21.70", "price_calculation": "$31.00 per 1kg", "category": "Meat & Seafood"},
{"title": "Coles Deli Thawed Australian Cooked Black Tiger Prawns Extra Large | approx 250g", "price": "$9.00", "price_calculation": "$36.00 per 1kg", "category": "Meat & Seafood"},
{"title": "Coles Carb Neutral Beef Rib Eye Roast | approx 1.3kg", "price": "$52.00", "price_calculation": "$40.00 per 1kg", "category": "Meat & Seafood"},
{"title": "Cleaver's Lamb Loin Organic & Free Range Boneless                                                                                         | approx 260g", "price": "$14.82", "price_calculation": "$57.00 per 1kg", "category": "Meat & Seafood"},
{"title": "V2 Sausage Sage & Thyme Plant Based 6 Pack | 390g", "price": "$9.50", "price_calculation": "$24.36 per 1kg", "category": "Meat & Seafood"},
{"title": "Coles Made Easy Chicken Parmigiana | 450g", "price": null, "price_calculation": null, "category": "Meat & Seafood"},
{"title": "Always Fresh French Duck Fat Spread | 200g", "price": "$12.00", "price_calculation": "$60.00 per 1kg", "category": "Meat & Seafood"},
{"title": "Steggles Turkey Breast Roast | 1kg", "price": "$18.00", "price_calculation": "$18.00 per 1kg", "category": "Meat & Seafood"},
{"title": "Bertocchi Yearling Corned Beef | approx667g", "price": "$13.34", "price_calculation": "$20.00 per 1kg", "category": "Meat & Seafood"},
{"title": "Richmond Valley Veal Scotch Fillet Steak | aprox. 270g", "price": "$13.77", "price_calculation": "$51.00 per 1kg", "category": "Meat & Seafood"},
{"title": "Coles Ham Hock Meat | 500g", "price": "$10.00", "price_calculation": "$20.00 per 1kg", "category": "Meat & Seafood"},
{"title": "Drovers Choice Bulk Corned Silverside | approx 3.2kg", "price": "$32.00", "price_calculation": "$10.00 per 1kg", "category": "Meat & Seafood"},
{"title": "Pacific West Cooked Barramundi Natural With Virgin Olive Oil | 170g", "price": "$11.50", "price_calculation": "$67.65 per 1kg", "category": "Meat & Seafood"},
{"title": "Huon Premium Tasmanian Wood Roasted Salmon Blackened Spice | 150g", "price": "$12.00", "price_calculation": "$80.01 per 1kg", "category": "Meat & Seafood"},
{"title": "KB's Deli Thawed MSC WA Cooked Rock Lobster | 1 each", "price": "$27.00", "price_calculation": "$27.00 per 1ea", "category": "Meat & Seafood"},
{"title": "K-Roo Kangaroo Medallions | approx 450g", "price": "$18.90", "price_calculation": "$42.00 per 1kg", "category": "Meat & Seafood"},
{"title": "Coles RSPCA Approved Chicken Burgers Plain Crumb | 400g", "price": "$6.50", "price_calculation": "$16.25 per 1kg", "category": "Meat & Seafood"},
{"title": "Coles Lamb Bones | approx 1kg", "price": "$7.00", "price_calculation": "$7.00 per 1kg", "category": "Meat & Seafood"},
{"title": "Coles Whole Pork Leg Easy Carve Roast | approx 5kg", "price": "$55.00", "price_calculation": "$11.00 per 1kg", "category": "Meat & Seafood"},
{"title": "Pacific West Cooked Barramundi With Crushed Herbs & Garlic | 170g", "price": "$11.50", "price_calculation": "$67.65 per 1kg", "category": "Meat & Seafood"},
{"title": "The Fishery Australian Saddletail Snapper Portions | 260g", "price": "$12.00", "price_calculation": "$46.15 per 1kg", "category": "Meat & Seafood"},
{"title": "D'Orsogna Leg Ham Half | approx 5kg", "price": null, "price_calculation": null, "category": "Meat & Seafood"},
{"title": "Coles Finest Free Range Triple Smoked Full Leg Ham | approx 5kg", "price": null, "price_calculation": null, "category": "Meat & Seafood"},
{"title": "Coles Deli Thawed MSC Cooked Canadian Whole Lobster | 1 each", "price": "$15.00", "price_calculation": "$15.00 per 1ea", "category": "Meat & Seafood"},
{"title": "Coles Whole Pork Belly Roast Boneless | approx2.5Kg", "price": null, "price_calculation": null, "category": "Meat & Seafood"},
{"title": "Coles Deli Thawed Australian Cooked Black Tiger Prawns Jumbo | approx250g", "price": "$9.75", "price_calculation": "$39.00 per 1kg", "category": "Meat & Seafood"},
{"title": "Coles Deli Thawed Basa Fillet 5Kg | 1 each", "price": "$45.00", "price_calculation": "$9.00 per 1kg", "category": "Meat & Seafood"},
{"title": "Petuna Deli Fresh Salmon Portions Skin On Tray | 2.5kg", "price": "$82.50", "price_calculation": "$33.00 per 1kg", "category": "Meat & Seafood"},
{"title": "Coles Deli Frozen Australian Cooked Black Tiger Prawns Extra Large 3Kg | 1 each", "price": "$108.00", "price_calculation": "$36.00 per 1kg", "category": "Meat & Seafood"},
{"title": "Coles Bakery Stone Baked By Laurent Turkish Loaf | 1 each", "price": "$3.00", "price_calculation": "$3.00 per 1ea", "category": "Bakery"},
{"title": "Coles Bakery Coconut Drops | 12 pack", "price": "$3.50", "price_calculation": "$0.29 per 1ea", "category": "Bakery"},
{"title": "Tip Top 9 Grain Wholemeal Bread | 750g", "price": "$4.40", "price_calculation": "$0.59 per 100g", "category": "Bakery"},
{"title": "Coles Bakery Mini Cheese And Bacon Rolls | 6 pack", "price": "$4.50", "price_calculation": "$0.75 per 1ea", "category": "Bakery"},
{"title": "Coles Banana Muffin Bars | 420g", "price": "$5.25", "price_calculation": "$1.25 per 100g", "category": "Bakery"},
{"title": "Coles Bakery By Laurent Ciabatta Loaf | 1 each", "price": "$3.00", "price_calculation": "$3.00 per 1ea", "category": "Bakery"},
{"title": "Coles Bakery Mini Hawaiian Pizza Rolls | 6 pack", "price": "$4.50", "price_calculation": "$0.75 per 1ea", "category": "Bakery"},
{"title": "Coles Bakery Custard Tarts 2 Pack | 260g", "price": "$5.75", "price_calculation": "$2.21 per 100g", "category": "Bakery"},
{"title": "Coles Bakery Tiger Baguette Twin Pack | 2 pack", "price": "$1.90", "price_calculation": "$0.95 per 1ea", "category": "Bakery"},
{"title": "Coles Tiramisu | 500g", "price": "$10.60", "price_calculation": "$2.12 per 100g", "category": "Bakery"},
{"title": "Coles Bakery Cake Madeira Lemon | 315g", "price": "$3.30", "price_calculation": "$1.05 per 100g", "category": "Bakery"},
{"title": "Helga's Sourdough Bread | 650g", "price": "$4.90", "price_calculation": "$0.75 per 100g", "category": "Bakery"},
{"title": "Coles Mini Parmesan & Onion Pane Di Casa | 1 each", "price": "$2.50", "price_calculation": "$2.50 per 1ea", "category": "Bakery"},
{"title": "Laurent Almond Croissant | 1 each", "price": "$4.50", "price_calculation": "$4.50 per 1ea", "category": "Bakery"},
{"title": "Mission Original  Mini Wraps 8 pack | 384g", "price": "$5.50", "price_calculation": "$1.43 per 100g", "category": "Bakery"},
{"title": "Coles Finest By Laurent Wholemeal Sourdough Vienna | 1 each", "price": "$6.50", "price_calculation": "$6.50 per 1ea", "category": "Bakery"},
{"title": "Cadbury Mini Rolls Chocolate 5pack | 115g", "price": "$3.00", "price_calculation": "$2.61 per 100g", "category": "Bakery"},
{"title": "Coles Bakery High Fibre Low GI 7 Seeds & Grain Rolls | 4 pack", "price": "$3.50", "price_calculation": "$0.88 per 1ea", "category": "Bakery"},
{"title": "Coles Bakery BBQ Cheese And Bacon Mini Pizza Rolls | 6 pack", "price": "$4.50", "price_calculation": "$0.75 per 1ea", "category": "Bakery"},
{"title": "Coles Double Chocolate Muffins | 4 Pack", "price": "$4.70", "price_calculation": "$1.18 per 1ea", "category": "Bakery"},
{"title": "Coles Bakery Jam Filled Berliner Donut | 2 pack", "price": "$3.75", "price_calculation": "$1.88 per 1ea", "category": "Bakery"},
{"title": "Tip Top White Hamburger Rolls | 6 pack", "price": "$4.00", "price_calculation": "$0.67 per 1ea", "category": "Bakery"},
{"title": "Golden Light & Buttery Waffles 8 pack | 220g", "price": "$4.50", "price_calculation": "$2.05 per 100g", "category": "Bakery"},
{"title": "Coles Bakery Stone Baked By Laurent Soybean & Linseed Sourdough Vienna | 1 each", "price": "$5.00", "price_calculation": "$5.00 per 1ea", "category": "Bakery"},
{"title": "Mission Roasted Garlic Wraps 8 pack | 567g", "price": "$5.50", "price_calculation": "$0.97 per 100g", "category": "Bakery"},
{"title": "Balconi Mix Max Cocoa Cakes 10 pack | 350g", "price": "$7.25", "price_calculation": "$2.07 per 100g", "category": "Bakery"},
{"title": "Coles Bakery White Finger Buns | 4 pack", "price": "$3.00", "price_calculation": "$0.75 per 1ea", "category": "Bakery"},
{"title": "Coles Bakery Butter Shortbread | 12 pack", "price": "$4.50", "price_calculation": "$0.38 per 1ea", "category": "Bakery"},
{"title": "Helga's Continental Bakehouse Wholemeal Grain Bread | 850g", "price": "$4.90", "price_calculation": "$0.58 per 100g", "category": "Bakery"},
{"title": "Coles Banana Bread | 550g", "price": "$5.60", "price_calculation": "$1.02 per 100g", "category": "Bakery"},
{"title": "Coles Finest Sourdough Pane Di Casa With Sesame | 1 pack", "price": "$6.50", "price_calculation": "$6.50 per 1ea", "category": "Bakery"},
{"title": "Coles Macarons Selection 10 pack | 110g", "price": "$10.50", "price_calculation": "$9.55 per 100g", "category": "Bakery"},
{"title": "MEB Pita Pockets Wholemeal 6 pack | 250g", "price": "$2.70", "price_calculation": "$1.08 per 100g", "category": "Bakery"},
{"title": "Coles Bakery Fantasy Finger Buns | 4 pack", "price": "$3.00", "price_calculation": "$0.75 per 1ea", "category": "Bakery"},
{"title": "Tip Top White Gourmet Pizza Base 2 pack | 440g", "price": "$3.20", "price_calculation": "$0.73 per 100g", "category": "Bakery"},
{"title": "Mission Souvlaki Bread | 320g", "price": "$4.00", "price_calculation": "$1.25 per 100g", "category": "Bakery"},
{"title": "Tip Top 9 Grain Original Bread | 700g", "price": "$4.40", "price_calculation": "$0.63 per 100g", "category": "Bakery"},
{"title": "Burgen Soy & Linseed Bread | 700g", "price": "$5.90", "price_calculation": "$0.84 per 100g", "category": "Bakery"},
{"title": "Coles Finest By Laurent Rye Sourdough Vienna | 1 each", "price": "$6.50", "price_calculation": "$6.50 per 1ea", "category": "Bakery"},
{"title": "Toscano Traditional Butter Waffles 4 pack | 360g", "price": "$7.50", "price_calculation": "$2.08 per 100g", "category": "Bakery"},
{"title": "Mr Kipling Cherry & Almond Bakewells Tarts 6 pack | 250g", "price": "$3.25", "price_calculation": "$1.30 per 100g", "category": "Bakery"},
{"title": "Coles Bakery Chocolate Chip Shortbread | 12 pack", "price": "$4.50", "price_calculation": "$0.38 per 1ea", "category": "Bakery"},
{"title": "Coles Cream And Jam Filled Donuts | 6 pack", "price": "$5.00", "price_calculation": "$0.83 per 1ea", "category": "Bakery"},
{"title": "Coles Bakery Ultimate White Chocolate Chip Cookie | 6 pack", "price": "$3.50", "price_calculation": "$0.58 per 1ea", "category": "Bakery"},
{"title": "Coles Salted Caramel & White Chocolate Cookies | 6 Pack", "price": "$3.50", "price_calculation": "$0.58 per 1ea", "category": "Bakery"},
{"title": "Coles Bakery Custard Bunlet | 6 pack", "price": "$3.50", "price_calculation": "$0.58 per 1ea", "category": "Bakery"},
{"title": "Coles Stonebaked By Laurent White Sourdough Rolls Garlic Bread | 3 pack", "price": "$4.00", "price_calculation": "$1.33 per 1ea", "category": "Bakery"},
{"title": "Mountain Bread Rye Wraps 8 pack | 200g", "price": "$4.00", "price_calculation": "$2.00 per 100g", "category": "Bakery"},
{"title": "Revlon Super Lustrous Matte Lipstick On Fire | 4.2g", "price": "$26.00", "price_calculation": "$61.91 per 10g", "category": "Health & Beauty"},
{"title": "Revlon Super Lustrous Matte Lipstick Show Off | 4.2g", "price": "$26.00", "price_calculation": "$61.91 per 10g", "category": "Health & Beauty"},
{"title": "Sukin Brightening Illuminating Eye Gel Tube | 15mL", "price": "$26.00", "price_calculation": "$17.33 per 10mL", "category": "Health & Beauty"},
{"title": "Fudge Professional Clean Blonde Violet Purple Toning Conditioner | 250mL", "price": "$26.00", "price_calculation": "$10.40 per 100mL", "category": "Health & Beauty"},
{"title": "Fudge Professional Everyday Clean Blonde Damage Rewind Violet Purple Toning Conditioner | 250mL", "price": "$26.00", "price_calculation": "$10.40 per 100mL", "category": "Health & Beauty"},
{"title": "Glow Lab Eye Serum | 15mL", "price": "$26.00", "price_calculation": "$173.34 per 100mL", "category": "Health & Beauty"},
{"title": "Oxo Beef Stock Cubes | 71g", "price": "$2.30", "price_calculation": "$0.32 per 10g", "category": "Dropped & Locked"},
{"title": "Gillette Proglide Flexball Razor Handle +2 Blade | 1 pack", "price": "$26.00", "price_calculation": "$26.00 per 1ea", "category": "Health & Beauty"},
{"title": "Cadbury Milk Chocolate Baking Block | 180g", "price": "$3.50", "price_calculation": "$1.94 per 100g", "category": "Dropped & Locked"},
{"title": "Fudge Clean Blonde Toning Drops | 30mL", "price": "$26.00", "price_calculation": "$86.67 per 100mL", "category": "Health & Beauty"},
{"title": "Cadbury Baking 70% Cocoa Dark Chocolate Block  | 180g", "price": "$3.50", "price_calculation": "$1.94 per 100g", "category": "Dropped & Locked"},
{"title": "Henry Blooms Beta Glucan Cholesterol Balance | 200g", "price": "$26.40", "price_calculation": "$13.20 per 100g", "category": "Health & Beauty"},
{"title": "Crisco Canola Oil | 2L", "price": "$9.00", "price_calculation": "$0.45 per 100mL", "category": "Dropped & Locked"},
{"title": "Four Seasons Libido For Him | 60 pack", "price": "$26.50", "price_calculation": "$0.44 per 1ea", "category": "Health & Beauty"},
{"title": "Coles Happy Birthday Candles | 12 pack", "price": "$1.85", "price_calculation": "$0.15 per 1ea", "category": "Dropped & Locked"},
{"title": "L'Oreal True Match Blush Rosy Cheeks | 3.5g", "price": "$27.00", "price_calculation": "$77.15 per 10g", "category": "Health & Beauty"},
{"title": "Uncle Tobys Oats Quick Sachets Breakfast Cereal Original Big Bowl | 368g", "price": "$5.80", "price_calculation": "$1.58 per 100g", "category": "Dropped & Locked"},
{"title": "Neutrogena Rapid Wrinkle Repair Night Retinol Moisutuiser | 29mL", "price": "$27.00", "price_calculation": "$93.11 per 100mL", "category": "Health & Beauty"},
{"title": "Straten Large Cups 400mL | 50 pack", "price": "$5.85", "price_calculation": "$11.70 per 100ea", "category": "Dropped & Locked"},
{"title": "Neutrogena Rapid Wrinkle Repair Moisturiser SPF 15 | 29mL", "price": "$27.00", "price_calculation": "$93.11 per 100mL", "category": "Health & Beauty"},
{"title": "Carman's Crunchy Clusters Cereal Honey | 750g", "price": "$6.00", "price_calculation": "$0.80 per 100g", "category": "Dropped & Locked"},
{"title": "Revlon Colorstay Concealer Light | 6mL", "price": "$27.00", "price_calculation": "$45.00 per 10mL", "category": "Health & Beauty"},
{"title": "Carman's Crunchy Clusters Cereal Berry | 750g", "price": "$6.00", "price_calculation": "$0.80 per 100g", "category": "Dropped & Locked"},
{"title": "Revlon Colorstay #001 Addictive Quad Eyeshadow | 4.8g", "price": "$27.00", "price_calculation": "$56.25 per 10g", "category": "Health & Beauty"},
{"title": "Dove Body Wash Triple Moisturising | 500mL", "price": "$7.00", "price_calculation": "$1.40 per 100mL", "category": "Dropped & Locked"},
{"title": "Revlon Photoready #05 Impressionist Primer & Shadow | 2.8g", "price": "$27.00", "price_calculation": "$96.43 per 10g", "category": "Health & Beauty"},
{"title": "Latina Fresh Roast Chicken & Garlic Ravioli | 625g", "price": "$8.50", "price_calculation": "$1.36 per 100g", "category": "Dropped & Locked"},
{"title": "Essano Collagen Boost Eye Creme | 10g", "price": "$27.00", "price_calculation": "$27.00 per 10g", "category": "Health & Beauty"},
{"title": "McKenzie's Split Green Peas | 500g", "price": "$1.60", "price_calculation": "$0.32 per 100g", "category": "Dropped & Locked"},
{"title": "Essano Collagen Boost Facial Oil | 20mL", "price": "$27.00", "price_calculation": "$135.00 per 100mL", "category": "Health & Beauty"},
{"title": "McKenzie's 12 Blend Soup Mix | 375g", "price": "$2.30", "price_calculation": "$0.61 per 100g", "category": "Dropped & Locked"},
{"title": "L'Oreal Paris Rouge Signature Matte Lip Ink Rule | 7mL", "price": "$27.00", "price_calculation": "$38.57 per 10mL", "category": "Health & Beauty"},
{"title": "Sakata Chicken Rice Crackers | 100g", "price": "$2.30", "price_calculation": "$2.30 per 100g", "category": "Dropped & Locked"},
{"title": "Ogx Flexible Control Shine + Hydrate Argan Oil of Morocco Heat Protect Spray For Damaged & Heat Styled Hair | 177mL", "price": "$27.00", "price_calculation": "$15.25 per 100mL", "category": "Health & Beauty"},
{"title": "Tic Tac Fruit | 49g", "price": "$3.20", "price_calculation": "$6.53 per 100g", "category": "Dropped & Locked"},
{"title": "Revlon Photoready Eye Contour Kit Avant Garde | 2.8g", "price": "$27.00", "price_calculation": "$96.43 per 10g", "category": "Health & Beauty"},
{"title": "Golden Circle Cordial Fruit Cup Cordial | 2L", "price": "$3.90", "price_calculation": "$1.95 per 1L", "category": "Dropped & Locked"},
{"title": "Pyrenel Nit Blast | 50mL", "price": "$27.00", "price_calculation": "$54.00 per 100mL", "category": "Health & Beauty"},
{"title": "Uncle Tobys Traditional Rolled Oats | 500g", "price": "$4.00", "price_calculation": "$0.80 per 100g", "category": "Dropped & Locked"},
{"title": "Revlon CS Skin Awaken Concealer Light | 8mL", "price": "$27.00", "price_calculation": "$33.75 per 10mL", "category": "Health & Beauty"},
{"title": "Leggo's Pasta Bake Three Cheese Sauce | 500g", "price": "$4.00", "price_calculation": "$0.80 per 100g", "category": "Dropped & Locked"},
{"title": "Revlon CS Skin Awaken Concealer Medium | 8mL", "price": "$27.00", "price_calculation": "$33.75 per 10mL", "category": "Health & Beauty"},
{"title": "Carman's Gourmet Porridge Sachet with Honey Vanilla & Cinnamon | 320g", "price": "$5.00", "price_calculation": "$1.56 per 100g", "category": "Dropped & Locked"},
{"title": "L'Oreal Rouge Signature Plump Lip Gloss I Amplify | 7mL", "price": "$27.00", "price_calculation": "$38.57 per 10mL", "category": "Health & Beauty"},
{"title": "Carmans Porridge Protein Rich Almond Vanilla & Cinnamon | 270g", "price": "$5.00", "price_calculation": "$1.85 per 100g", "category": "Dropped & Locked"},
{"title": "L'Oreal Paris Rouge Signature Plump Lip Gloss I Heighten | 7mL", "price": "$27.00", "price_calculation": "$38.57 per 10mL", "category": "Health & Beauty"},
{"title": "Heritage Mill Clusters Almond & Cinnamon Ltd Edition | 750g", "price": "$5.00", "price_calculation": "$0.67 per 100g", "category": "Dropped & Locked"},
{"title": "Wyld Supplement Tablets Man | 60 pack", "price": "$27.00", "price_calculation": "$0.45 per 1ea", "category": "Health & Beauty"},
{"title": "Daley Street Medium/Dark Coffee Beans | 200g", "price": "$5.50", "price_calculation": "$2.75 per 100g", "category": "Dropped & Locked"},
{"title": "Ogx Coconut Curls Styling Milk | 177mL", "price": "$27.00", "price_calculation": "$15.25 per 100mL", "category": "Health & Beauty"},
{"title": "Primo Mount Ash Pansize Bacon | approx 125g", "price": "$2.25", "price_calculation": "$18.00 per 1kg", "category": "Dropped & Locked"},
{"title": "Gillette Venus Deluxe Smooth Sensitive Blades | 4 pack", "price": "$27.00", "price_calculation": "$6.75 per 1ea", "category": "Health & Beauty"},
{"title": "McKenzie's Split Yellow Peas | 500g", "price": "$1.60", "price_calculation": "$0.32 per 100g", "category": "Dropped & Locked"},
{"title": "L'Oreal Paris Rogue Signature Plumping Lip Gloss Soar | 7mL", "price": "$27.00", "price_calculation": null, "category": "Health & Beauty"},
{"title": "Oxo Chicken Stock Cubes | 71g", "price": "$2.30", "price_calculation": "$0.32 per 10g", "category": "Dropped & Locked"},
{"title": "Garnier Vitamin C Brightening Eye Cream | 15mL", "price": "$27.00", "price_calculation": "$180.01 per 100mL", "category": "Health & Beauty"},
{"title": "Daley Street Dark/Intense Aluminium Nespresso Compatible Coffee Capsules | 10 pack", "price": "$3.25", "price_calculation": "$0.33 per 1ea", "category": "Dropped & Locked"},
{"title": "Covergirl Simply Ageless Foundation Buff Beige | 12g", "price": "$27.00", "price_calculation": "$22.50 per 10g", "category": "Health & Beauty"},
{"title": "Daley Street Intese / Extreme Aluminium Nespresso Compatible Coffee Capsules | 10 pack", "price": "$3.25", "price_calculation": "$0.33 per 1ea", "category": "Dropped & Locked"},
{"title": "Covergirl Simply Ageless Foundation Creamy Natural | 12g", "price": "$27.00", "price_calculation": "$22.50 per 10g", "category": "Health & Beauty"},
{"title": "Cadbury Milk Chocolate Melting Buttons | 225g", "price": "$3.50", "price_calculation": "$1.56 per 100g", "category": "Dropped & Locked"},
{"title": "Covergirl Simply Ageless Foundation Natural Beige | 12g", "price": "$27.00", "price_calculation": "$22.50 per 10g", "category": "Health & Beauty"},
{"title": "Nivea Men Black And White Invisible Roll On Antiperspirant Deodorant | 50mL", "price": "$3.69", "price_calculation": "$7.38 per 100mL", "category": "Dropped & Locked"},
{"title": "L'Oreal True Match Blush 120 Sandalwood Pin | 5g", "price": "$27.00", "price_calculation": "$54.00 per 10g", "category": "Health & Beauty"},
{"title": "Leggo's Tomato Ricotta & Spinach Pasta Bake Sauce | 500g", "price": "$4.00", "price_calculation": "$0.80 per 100g", "category": "Dropped & Locked"},
{"title": "Revlon Powder Blush Naughty Nude | 5g", "price": "$28.00", "price_calculation": "$56.00 per 10g", "category": "Health & Beauty"},
{"title": "Birds Eye Frozen Cauliflower Rice | 500g", "price": "$4.95", "price_calculation": "$9.90 per 1kg", "category": "Dropped & Locked"},
{"title": "Sukin Rosehip Oil Enriching Night Cream | 120mL", "price": "$28.00", "price_calculation": "$23.33 per 100mL", "category": "Health & Beauty"},
{"title": "Carman's Gourmet Porridge Sachet Super Berry & Coconut | 320g", "price": "$5.00", "price_calculation": "$1.56 per 100g", "category": "Dropped & Locked"},
{"title": "L'Oreal Volume Million Lashes Waterproof Mascara | 10mL", "price": "$28.00", "price_calculation": "$28.00 per 10mL", "category": "Health & Beauty"},
{"title": "Coles Spiral Candles | 24 pack", "price": "$1.85", "price_calculation": "$0.08 per 1ea", "category": "Dropped & Locked"},
{"title": "Gillette Fusion Proshield Flexball Razor Handle +2 Blade | 1 pack", "price": "$28.00", "price_calculation": "$28.00 per 1ea", "category": "Health & Beauty"},
{"title": "Straten Patterned Lunch Serviettes | 50 pack", "price": "$2.70", "price_calculation": "$5.40 per 100ea", "category": "Dropped & Locked"},
{"title": "Revlon Colorstay Satin Ink Lipstick Wild Ride | 5mL", "price": "$28.00", "price_calculation": "$56.00 per 10mL", "category": "Health & Beauty"},
{"title": "Nivea Men Cool Kick Roll On Antiperspirant Deodorant | 50mL", "price": "$3.69", "price_calculation": "$7.38 per 100mL", "category": "Dropped & Locked"},
{"title": "Revlon Colorstay Satin Ink Lipstick Speak Up | 5mL", "price": "$28.00", "price_calculation": "$56.00 per 10mL", "category": "Health & Beauty"},
{"title": "Uncle Tobys Quick Oats Porridge | 500g", "price": "$4.00", "price_calculation": "$0.80 per 100g", "category": "Dropped & Locked"},
{"title": "Revlon CS Satin Ink Lipstick Partner In Crime | 5mL", "price": "$28.00", "price_calculation": "$56.00 per 10mL", "category": "Health & Beauty"},
{"title": "Provedore Pancetta Crumb | 100g", "price": "$4.00", "price_calculation": "$40.00 per 1kg", "category": "Dropped & Locked"},
{"title": "Revlon CS Satin Ink Lipstick Silky Sienna | 5mL", "price": "$28.00", "price_calculation": "$56.00 per 10mL", "category": "Health & Beauty"},
{"title": "Birds Eye Carrot- Cauli & Broccoli Veggie Rice | 500g", "price": "$4.95", "price_calculation": "$9.90 per 1kg", "category": "Dropped & Locked"},
{"title": "Tena Washable Men's Boxer M Incontinence Underwear | 1 pack", "price": "$28.00", "price_calculation": "$28.00 per 1ea", "category": "Health & Beauty"},
{"title": "Heritage Mill Clusters Caramel Cashew | 750g", "price": "$5.00", "price_calculation": "$0.67 per 100g", "category": "Dropped & Locked"},
{"title": "Revlon Skinlights Liquid Illuminator Sunrise Luster | 30mL", "price": "$28.00", "price_calculation": "$93.34 per 100mL", "category": "Health & Beauty"},
{"title": "Heritage Mill Muesli Fruit & Nut | 750g", "price": "$5.00", "price_calculation": "$0.67 per 100g", "category": "Dropped & Locked"},
{"title": "Swisse Fast Acting Vitamin D3 | 90 pack", "price": "$28.00", "price_calculation": "$0.31 per 1ea", "category": "Health & Beauty"},
{"title": "Steggles Frozen Hot & Spicy Chicken Breast Tenders | 400g", "price": "$6.00", "price_calculation": "$15.00 per 1kg", "category": "Dropped & Locked"},
{"title": "Epzen Body Wash Starter Pack Coconut & Vanilla | 1 each", "price": "$28.00", "price_calculation": "$28.00 per 1ea", "category": "Health & Beauty"},
{"title": "La Espanola Olive Oil Light | 500mL", "price": "$7.00", "price_calculation": "$1.40 per 100mL", "category": "Dropped & Locked"},
{"title": "Latina Dy Pasta Sauce Creamy Carbonara | 700g", "price": null, "price_calculation": null, "category": "Dropped & Locked"},
{"title": "B Honey Squeeze | 750g", "price": "$11.25", "price_calculation": "$1.50 per 100g", "category": "Dropped & Locked"},
{"title": "Queen Victoria Earl Grey Tea Bags | 10 pack", "price": "$1.30", "price_calculation": "$0.13 per 1ea", "category": "Dropped & Locked"},
{"title": "Coles Medium Silverlined Gloves | 1 pair", "price": "$1.45", "price_calculation": "$1.45 per 1ea", "category": "Dropped & Locked"},
{"title": "McKenzie's Barley Pearl | 500g", "price": "$1.60", "price_calculation": "$0.32 per 100g", "category": "Dropped & Locked"},
{"title": "Daley Street Daley Street Medium Aluminium Nespresso Compatible Coffee Capsules | 10 pack", "price": "$3.25", "price_calculation": null, "category": "Dropped & Locked"},
{"title": "Daley Street Intense Aluminium Nespresso Compatible Coffee Capsules | 10 pack", "price": "$3.25", "price_calculation": "$0.33 per 1ea", "category": "Dropped & Locked"},
{"title": "Queen Vanilla Sugar Free Maple Flavoured Syrup | 355mL", "price": "$3.75", "price_calculation": "$1.06 per 100mL", "category": "Dropped & Locked"},
{"title": "Coles Joyful Crunchy Nut Bar Peanut & Scorched Almond 170g | 1 each", "price": "$4.00", "price_calculation": "$2.35 per 100g", "category": "Dropped & Locked"},
{"title": "Coles Menthol Inhaler | 0.5mL", "price": "$4.50", "price_calculation": "$900.00 per 100mL", "category": "Dropped & Locked"},
{"title": "Moro El Tradicional Pure Olive Oil | 4L", "price": "$43.00", "price_calculation": "$1.08 per 100mL", "category": "Dropped & Locked"},
{"title": "Coles Glitter Number Candle No 1 | 1 each", "price": "$1.40", "price_calculation": "$1.40 per 1ea", "category": "Dropped & Locked"},
{"title": "Coles Glitter Number Candle No 2 | 1 each", "price": "$1.40", "price_calculation": "$1.40 per 1ea", "category": "Dropped & Locked"},
{"title": "Cadbury Fry's Turkish Delight Chocolate Bars Twin Pack | 2 pack", "price": "$1.80", "price_calculation": "$2.37 per 100g", "category": "Dropped & Locked"},
{"title": "Daley Street Medium/Dark Aluminium Nespresso Compatible Coffee Capsules | 10 pack", "price": "$3.25", "price_calculation": null, "category": "Dropped & Locked"},
{"title": "Hart & Soul Chicken & Corn Pouch | 400g", "price": "$3.80", "price_calculation": "$0.95 per 100g", "category": "Dropped & Locked"},
{"title": "Golden Circle Cordial Lemon Cordial | 2L", "price": "$3.90", "price_calculation": "$1.95 per 1L", "category": "Dropped & Locked"},
{"title": "Australias Own Barista Oat Milk | 1L", "price": "$4.00", "price_calculation": "$4.00 per 1L", "category": "Dropped & Locked"},
{"title": "Old El Paso Hot Taco Sauce | 200g", "price": "$4.00", "price_calculation": "$2.00 per 100g", "category": "Dropped & Locked"},
{"title": "Carman's Gourmet Porridge Sachets Raspberry & Vanilla | 320g", "price": "$5.00", "price_calculation": "$1.56 per 100g", "category": "Dropped & Locked"},
{"title": "Red Tractor Protein Low Sugar Granola Peanut Butter | 450g", "price": "$6.70", "price_calculation": "$1.49 per 100g", "category": "Dropped & Locked"},
{"title": "Coles Non-Latex Multi-Purpose 50 Disposable Gloves | 1 pack", "price": "$11.30", "price_calculation": "$11.30 per 1ea", "category": "Dropped & Locked"},
{"title": "Queen Victoria Peppermint Tea Bags | 10 pack", "price": "$1.30", "price_calculation": "$0.13 per 1ea", "category": "Dropped & Locked"},
{"title": "Queen Victoria Vanilla Chai Tea Bags | 10 pack", "price": "$1.30", "price_calculation": "$0.13 per 1ea", "category": "Dropped & Locked"},
{"title": "Straten Paper Straws | 50 pack", "price": "$2.25", "price_calculation": "$4.50 per 100ea", "category": "Dropped & Locked"},
{"title": "Coles Para Rapid | 20 pack", "price": "$2.70", "price_calculation": "$0.14 per 1ea", "category": "Dropped & Locked"},
{"title": "Coles Kitchen Ultra Green Soup | 300g", "price": "$3.00", "price_calculation": "$1.00 per 100g", "category": "Dropped & Locked"},
{"title": "Tic Tac Orange | 49g", "price": "$3.20", "price_calculation": "$6.53 per 100g", "category": "Dropped & Locked"},
{"title": "Golden Circle Cordial Strawberry Lemonade Cordial | 2L", "price": "$3.90", "price_calculation": "$1.95 per 1L", "category": "Dropped & Locked"},
{"title": "Golden Circle Cordial Apple & Raspberry Cordial | 2L", "price": "$3.90", "price_calculation": "$1.95 per 1L", "category": "Dropped & Locked"},
{"title": "Old El Paso Taco Sauce Medium | 200g", "price": "$4.00", "price_calculation": "$2.00 per 100g", "category": "Dropped & Locked"},
{"title": "Mountain Bread Natural Wraps 8 Pack | 200g", "price": "$4.00", "price_calculation": "$2.00 per 100g", "category": "Dropped & Locked"},
{"title": "Birds Eye Frozen Broccoli & Cauliflower Rice | 500g", "price": "$4.95", "price_calculation": "$9.90 per 1kg", "category": "Dropped & Locked"},
{"title": "Carman's Gourmet Porridge Apple Sultana & Cinnamon Sachets 8 pack | 320g", "price": "$5.00", "price_calculation": "$1.56 per 100g", "category": "Dropped & Locked"},
{"title": "Carmans Gourmet Porridge Almond Pecan & Hazelnut | 320g", "price": "$5.00", "price_calculation": "$1.56 per 100g", "category": "Dropped & Locked"},
{"title": "Heritage Mill Clusters Cranberry Almond Coconut | 750g", "price": "$5.00", "price_calculation": "$0.67 per 100g", "category": "Dropped & Locked"},
{"title": "Nestle Bakers' Choice Baking Milk Chocolate Bits Value Pack | 375g", "price": "$6.00", "price_calculation": "$1.60 per 100g", "category": "Dropped & Locked"},
{"title": "Carman's Crunchy Clusters Cereal Apple | 750g", "price": "$6.00", "price_calculation": "$0.80 per 100g", "category": "Dropped & Locked"},
{"title": "Kellogg's Guardian Psyllium Breakfast Cereal | 360g", "price": "$6.30", "price_calculation": "$1.75 per 100g", "category": "Dropped & Locked"},
{"title": "Latina Lasagne Ravioli | 625g", "price": "$8.50", "price_calculation": "$1.36 per 100g", "category": "Dropped & Locked"},
{"title": "Street Smokey BBQ Meatlovers Pizza | 385g", "price": "$8.60", "price_calculation": "$2.23 per 100g", "category": "Dropped & Locked"},
{"title": "I&J Southern Blue Whiting Fillets | 500g", "price": "$9.50", "price_calculation": "$19.00 per 1kg", "category": "Dropped & Locked"},
{"title": "Queen Victoria Green Tea Bags | 10 pack", "price": "$1.30", "price_calculation": "$0.13 per 1ea", "category": "Dropped & Locked"},
{"title": "Queen Victoria Lemon & Ginger Tea Bags | 10 pack", "price": "$1.30", "price_calculation": "$0.13 per 1ea", "category": "Dropped & Locked"},
{"title": "MasterFoods Cheese Finishing Sauce | 160g", "price": "$2.50", "price_calculation": "$0.16 per 10g", "category": "Dropped & Locked"},
{"title": "Arnotts Biscuits Delta Creams | 250g", "price": "$3.00", "price_calculation": "$1.20 per 100g", "category": "Dropped & Locked"},
{"title": "Golden Circle Cordial Pineapple Mango & Passionfruit Cordial | 2L", "price": "$3.90", "price_calculation": "$1.95 per 1L", "category": "Dropped & Locked"},
{"title": "Bundaberg Brewed Passionfruit 6x200mL | 6 pack", "price": "$5.15", "price_calculation": "$4.29 per 1L", "category": "Dropped & Locked"},
{"title": "Praise Traditional Mayonnaise | 700g", "price": "$5.50", "price_calculation": "$0.79 per 100g", "category": "Dropped & Locked"},
{"title": "Darrell Lea Milk Chocolate Liquorice Bullets | 400g", "price": "$6.00", "price_calculation": "$1.50 per 100g", "category": "Dropped & Locked"},
{"title": "Herbert Adams Frozen King Island Frozen Beef Sausage Rolls 12 pack | 420g", "price": "$8.50", "price_calculation": "$2.02 per 100g", "category": "Dropped & Locked"},
{"title": "Raw C Organic Coconut Oil | 700mL", "price": "$9.50", "price_calculation": "$1.36 per 100mL", "category": "Dropped & Locked"},
{"title": "Lilydale Free Range Chicken Kebab Katsu Curry | 750g", "price": "$16.50", "price_calculation": "$22.00 per 1kg", "category": "Meat & Seafood"},
{"title": "Coles Lamb Boneless Marinated Shoulder With Greek Style Rub | approx 1kg", "price": "$20.00", "price_calculation": "$20.00 per 1kg", "category": "Meat & Seafood"},
{"title": "Coles No Added Hormone Beef Brisket Point End Large Piece | approx 1.75kg", "price": "$26.25", "price_calculation": "$15.00 per 1kg", "category": "Meat & Seafood"},
{"title": "Cleaver's Beef Rump Steak Free Range Organic                                                                                               | approx 300g", "price": "$13.20", "price_calculation": "$44.00 per 1kg", "category": "Meat & Seafood"},
{"title": "Olga's Fine Foods Chicken Patties | 500g", "price": "$6.30", "price_calculation": "$12.60 per 1kg", "category": "Meat & Seafood"},
{"title": "Coles Slow Cooked Pulled Pork | 250g", "price": "$7.80", "price_calculation": "$31.20 per 1kg", "category": "Meat & Seafood"},
{"title": "Richmond Valley Veal Mince | 400g", "price": "$8.00", "price_calculation": "$20.00 per 1kg", "category": "Meat & Seafood"},
{"title": "K-Roo Kangaroo Burgers | 440g", "price": "$8.50", "price_calculation": "$19.32 per 1kg", "category": "Meat & Seafood"},
{"title": "Coles No Added Hormone Beef Steak Crumbed | 340g", "price": "$9.80", "price_calculation": "$28.82 per 1kg", "category": "Meat & Seafood"},
{"title": "Coles Free Range RSPCA Approved Chicken Schnitzel Herb And Garlic | 400g", "price": "$11.00", "price_calculation": "$27.50 per 1kg", "category": "Meat & Seafood"},
{"title": "Coles RPSCA Approved Chicken King Kebab With Middle Eastern Rub | 800g", "price": "$12.00", "price_calculation": "$15.00 per 1kg", "category": "Meat & Seafood"},
{"title": "Aquna Murray Cod Portions Skin On 2 Pack | 200g", "price": "$13.00", "price_calculation": "$65.00 per 1kg", "category": "Meat & Seafood"},
{"title": "Coles Graze Lamb Boneless Shoulder Roast With Mountain Pepper- Murray River Salt And Lemon Myrtle | approx 800g", "price": "$17.60", "price_calculation": "$22.00 per 1kg", "category": "Meat & Seafood"},
{"title": "Bertocchi Kaiser Fleisch Portions | approx 625g", "price": "$13.12", "price_calculation": "$21.00 per 1kg", "category": "Meat & Seafood"},
{"title": "Coles No Added Hormone Beef Cheeks | approx 500g", "price": "$13.50", "price_calculation": "$27.00 per 1kg", "category": "Meat & Seafood"},
{"title": "Coles Lamb Mint & Rosemary Rump Steak | approx 400g", "price": "$12.00", "price_calculation": "$30.00 per 1kg", "category": "Meat & Seafood"},
{"title": "Inglewood Farms Organic Chicken Thigh Fillets Skin Off | approx 450g", "price": "$14.18", "price_calculation": "$31.50 per 1kg", "category": "Meat & Seafood"},
{"title": "Herb & Sons Meat Free Chicken-Free Sweet Chilli Tenders | 300g", "price": "$6.50", "price_calculation": "$21.67 per 1kg", "category": "Meat & Seafood"},
{"title": "Beyond Burger Plant Based Burger Patties | 226g", "price": "$9.00", "price_calculation": "$39.82 per 1kg", "category": "Meat & Seafood"},
{"title": "Coles Crumbed Fish Bites Salt & Pepper | 280g", "price": "$9.00", "price_calculation": "$32.14 per 1kg", "category": "Meat & Seafood"},
{"title": "KB's Seafood Marinated Barramundi Fillet | 260g", "price": "$10.00", "price_calculation": "$38.46 per 1kg", "category": "Meat & Seafood"},
{"title": "KB's Seafood Imported Raw Marinated Prawns | 260g", "price": "$10.00", "price_calculation": "$38.46 per 1kg", "category": "Meat & Seafood"},
{"title": "Fremantle Marinated Octopus Original | 250g", "price": "$11.75", "price_calculation": "$47.00 per 1kg", "category": "Meat & Seafood"},
{"title": "Inglewood Organic Chicken Strips Plain | 500g", "price": "$12.50", "price_calculation": "$25.00 per 1kg", "category": "Meat & Seafood"},
{"title": "Coles Made Easy Slow Cooked Pork Ribs With Char Siu Sauce | 750g", "price": "$16.00", "price_calculation": "$21.33 per 1kg", "category": "Meat & Seafood"},
{"title": "Coles Beechwood Smoked Boneless Loin Ham Portion | approx 700g", "price": "$15.75", "price_calculation": "$22.50 per 1kg", "category": "Meat & Seafood"},
{"title": "Coles Lamb Rump Roast | approx 500g", "price": "$16.25", "price_calculation": "$32.50 per 1kg", "category": "Meat & Seafood"},
{"title": "Coles Beef Picanha Rump Cap With Chimichurri | approx 300g", "price": "$10.50", "price_calculation": "$35.00 per 1kg", "category": "Meat & Seafood"},
{"title": "Coles Finest Lamb Scotch Fillet | approx 343g", "price": "$15.44", "price_calculation": "$45.00 per 1kg", "category": "Meat & Seafood"},
{"title": "Coles Thin BBQ Pork Sausages | 560g", "price": "$6.50", "price_calculation": "$11.61 per 1kg", "category": "Meat & Seafood"},
{"title": "Talley's Mussels Natural | 375g", "price": "$7.00", "price_calculation": "$18.67 per 1kg", "category": "Meat & Seafood"},
{"title": "Goulburn River Hot Smoked Rainbow Trout | 300g", "price": "$11.40", "price_calculation": "$38.00 per 1kg", "category": "Meat & Seafood"},
{"title": "Huon Salmon To Go Deli Bites Blackened Spice | 250g", "price": "$11.50", "price_calculation": "$46.00 per 1kg", "category": "Meat & Seafood"},
{"title": "Cleaver's Beef Scotch Steak Free Range Organic 1 Piece                                                                                     | approx 400g", "price": "$19.84", "price_calculation": "$49.60 per 1kg", "category": "Meat & Seafood"},
{"title": "Coles Finest Carbon Neutral Beef Slow Cook Chuck Roast | approx 800g", "price": "$17.60", "price_calculation": "$22.00 per 1kg", "category": "Meat & Seafood"},
{"title": "Wild Oz Venison Steak | approx 400g", "price": "$15.20", "price_calculation": "$38.00 per 1kg", "category": "Meat & Seafood"},
{"title": "Ocean Blue Mini Blinis | 168g", "price": "$4.90", "price_calculation": "$29.17 per 1kg", "category": "Meat & Seafood"},
{"title": "Coles Deli Thawed Australian Cooked Black Tiger Prawns Medium | approx 250g", "price": "$6.25", "price_calculation": "$25.00 per 1kg", "category": "Meat & Seafood"},
{"title": "Coles BUTCHER HAM STEAKS | 375g", "price": "$6.50", "price_calculation": "$17.33 per 1kg", "category": "Meat & Seafood"},
{"title": "Coles Slow Cooked Pulled Chicken | 250g", "price": "$8.30", "price_calculation": "$33.20 per 1kg", "category": "Meat & Seafood"},
{"title": "Norfolk Bay Wood Smoked Mussels Garlic | 120g", "price": "$8.50", "price_calculation": "$70.83 per 1kg", "category": "Meat & Seafood"},
{"title": "Coles Pork Kiev With Katsu Sauce | 440g", "price": "$9.00", "price_calculation": "$20.45 per 1kg", "category": "Meat & Seafood"},
{"title": "Coles Tasmanian Cold Smoked Salmon | 500g", "price": "$25.00", "price_calculation": "$50.00 per 1kg", "category": "Meat & Seafood"},
{"title": "Luv A Duck Frozen Whole Duck | 2.1kg", "price": "$26.20", "price_calculation": "$12.48 per 1kg", "category": "Meat & Seafood"},
{"title": "Tassal Tasmanian Smoked Salmon Twin Pack | 100g", "price": "$10.00", "price_calculation": "$100.00 per 1kg", "category": "Meat & Seafood"},
{"title": "Coles Graze Lamb Shoulder Roast Boneless | approx 530g", "price": "$15.90", "price_calculation": "$30.00 per 1kg", "category": "Meat & Seafood"},
{"title": "Coles Pork Loin Chops With Sweet And Smokey Crumb | approx 500g", "price": "$12.50", "price_calculation": "$25.00 per 1kg", "category": "Meat & Seafood"},
{"title": "Coles RSPCA Approved Garlic And Herb Chicken Schnitzel | 200g", "price": "$5.00", "price_calculation": "$25.00 per 1kg", "category": "Meat & Seafood"},
{"title": "Cleaver's Beef Lasagne Organic & Free Range | 600g", "price": "$13.50", "price_calculation": "$22.50 per 1kg", "category": "Meat & Seafood"},
{"title": "Coles Deli Thawed Prawn Skewers Chilli & Lime | 5 pack", "price": "$6.25", "price_calculation": "$1.25 per 1ea", "category": "Meat & Seafood"},
{"title": "Coles Made Easy Slow Cooked Lamb Shoulder With Greek Inspired Sauce | 550g", "price": "$14.00", "price_calculation": "$25.45 per 1kg", "category": "Meat & Seafood"},
{"title": "Coles Pork Bones Smoked | 500g", "price": "$6.50", "price_calculation": "$13.00 per 1kg", "category": "Meat & Seafood"},
{"title": "Coles Made Easy Slow Cooked Pork Belly Slices In Tonkatsu Sauce | 400g", "price": "$14.00", "price_calculation": "$35.00 per 1kg", "category": "Meat & Seafood"},
{"title": "Talley's Mussels Chilli | 375g", "price": "$7.00", "price_calculation": "$18.67 per 1kg", "category": "Meat & Seafood"},
{"title": "Coles Made Easy Slow Cooked Pork Belly | approx 750g", "price": "$16.50", "price_calculation": "$22.00 per 1kg", "category": "Meat & Seafood"},
{"title": "Herb & Sons Beef-Free Mince | 400g", "price": "$7.50", "price_calculation": "$18.75 per 1kg", "category": "Meat & Seafood"},
{"title": "Coles Lamb Shoulder Butterflied With Smokey Marinade | approx 800g", "price": "$19.20", "price_calculation": "$24.00 per 1kg", "category": "Meat & Seafood"},
{"title": "V2 Tenders Southern Style Plant Based 6 Pack | 300g", "price": "$8.00", "price_calculation": "$26.67 per 1kg", "category": "Meat & Seafood"},
{"title": "Coles Graze Lamb Mini Shoulder Roast 2 pack | approx700g", "price": "$17.50", "price_calculation": "$25.00 per 1kg", "category": "Meat & Seafood"},
{"title": "V2 Burger Thai Chilli and Lime Plant Based 2 Pack | 226g", "price": "$8.00", "price_calculation": "$35.40 per 1kg", "category": "Meat & Seafood"},
{"title": "Drovers Choice No Added Hormone Beef Scotch Fillet | approx 850g", "price": "$25.50", "price_calculation": "$30.00 per 1kg", "category": "Meat & Seafood"},
{"title": "V2 Popcorn Bites Southern Style Plant Based | 300g", "price": "$8.00", "price_calculation": "$26.67 per 1kg", "category": "Meat & Seafood"},
{"title": "Coles Finest Lamb Mini Rump Roast | approx 418g", "price": "$14.63", "price_calculation": "$35.00 per 1kg", "category": "Meat & Seafood"},
{"title": "K-Roo Gourmet Kangaroo Meatballs | 420g", "price": "$8.50", "price_calculation": "$20.24 per 1kg", "category": "Meat & Seafood"},
{"title": "Coles Lamb Rack Roast | approx 900g", "price": "$31.50", "price_calculation": "$35.00 per 1kg", "category": "Meat & Seafood"},
{"title": "V2 Sausage Classic British Plant Based | 390g", "price": "$9.50", "price_calculation": "$24.36 per 1kg", "category": "Meat & Seafood"},
{"title": "Coles Graze Lamb Fillet | approx 300g", "price": "$15.60", "price_calculation": "$52.00 per 1kg", "category": "Meat & Seafood"},
{"title": "Coles Pork Belly With Salt And Pepper | 350g", "price": "$10.00", "price_calculation": "$28.57 per 1kg", "category": "Meat & Seafood"},
{"title": "Luv A Duck Rendered Duck Fat | 200g", "price": null, "price_calculation": null, "category": "Meat & Seafood"},
{"title": "Norfolk Bay Wood Smoked Prawns Natural | 120g", "price": "$10.50", "price_calculation": "$87.50 per 1kg", "category": "Meat & Seafood"},
{"title": "Unreal Co Chick'N Chive Sausages | 350g", "price": "$6.30", "price_calculation": "$18.00 per 1kg", "category": "Meat & Seafood"},
{"title": "Coles One Pot Beef Madras | 500g", "price": "$11.00", "price_calculation": "$22.00 per 1kg", "category": "Meat & Seafood"},
{"title": "Coles Lamb Meat Bones | approx 1.1kg", "price": "$7.70", "price_calculation": "$7.00 per 1kg", "category": "Meat & Seafood"},
{"title": "Coles Made Easy Australian Beef In Onion Gravy | 500g", "price": "$13.00", "price_calculation": "$26.00 per 1kg", "category": "Meat & Seafood"},
{"title": "Talley's Mussels Garlic | 375g", "price": "$7.00", "price_calculation": "$18.67 per 1kg", "category": "Meat & Seafood"},
{"title": "Coles Butterflied Pork Shoulder With Lemon & Herb | approx 800g", "price": "$11.20", "price_calculation": "$14.00 per 1kg", "category": "Meat & Seafood"},
{"title": "Ocean King Bismarck Herring | 500g", "price": "$7.20", "price_calculation": "$14.40 per 1kg", "category": "Meat & Seafood"},
{"title": "Coles Graze Lamb Leg Roast Half | approx 1.8kg", "price": "$28.80", "price_calculation": "$16.00 per 1kg", "category": "Meat & Seafood"},
{"title": "Three Aussie Farmers Farmhouse Style Pork Sausages | 450g", "price": "$8.00", "price_calculation": "$17.78 per 1kg", "category": "Meat & Seafood"},
{"title": "Coles Finest Carbon Neutral Beef Blade Roast | approx 800g", "price": "$18.40", "price_calculation": "$23.00 per 1kg", "category": "Meat & Seafood"},
{"title": "V2 Schnitzel Original Plant Based 2 Pack | 300g", "price": "$8.00", "price_calculation": "$26.67 per 1kg", "category": "Meat & Seafood"},
{"title": "Coles Free Range Pork Fillet | approx 500g", "price": "$17.50", "price_calculation": "$35.00 per 1kg", "category": "Meat & Seafood"},
{"title": "KB's Seafood Thawed Barramundi Portions | 260g", "price": "$10.00", "price_calculation": "$38.46 per 1kg", "category": "Meat & Seafood"},
{"title": "Coles Veal Fillet Whole                                                                                                               | approx 390g", "price": "$18.33", "price_calculation": "$47.00 per 1kg", "category": "Meat & Seafood"},
{"title": "Coles Free Range Pork Leg Roast Boneless | approx 1.8kg", "price": "$23.40", "price_calculation": "$13.00 per 1kg", "category": "Meat & Seafood"},
{"title": "Herb & Sons Chicken-Free Schnitzel | 300g", "price": "$8.00", "price_calculation": "$26.67 per 1kg", "category": "Meat & Seafood"},
{"title": "Coles Beechwood Smoked Boneless Leg Ham Portion | 800g", "price": "$13.00", "price_calculation": "$16.25 per 1kg", "category": "Meat & Seafood"},
{"title": "V2 Mince Chicken Style Plant Based | 400g", "price": "$8.00", "price_calculation": "$20.00 per 1kg", "category": "Meat & Seafood"},
{"title": "Beak & Sons Hickory BBQ Pork Ribs | 650g", "price": "$14.50", "price_calculation": "$22.31 per 1kg", "category": "Meat & Seafood"},
{"title": "V2 Sausage Garlic & Herb Plant Based | 390g", "price": "$9.50", "price_calculation": "$24.36 per 1kg", "category": "Meat & Seafood"},
{"title": "K-Roo Kangaroo Fillet | 400g", "price": "$15.80", "price_calculation": "$39.50 per 1kg", "category": "Meat & Seafood"},
{"title": "K-Roo Kangaroo Herb And Garlic Kebab | 360g", "price": "$10.50", "price_calculation": "$29.17 per 1kg", "category": "Meat & Seafood"},
{"title": "Coles Boneless Shoulder With Sweet Mint And Rosemary | approx 800g", "price": "$16.00", "price_calculation": "$20.00 per 1kg", "category": "Meat & Seafood"},
{"title": "Regal New Zealand King Salmon Beech Wood Smoked Slices | 100g", "price": "$10.50", "price_calculation": "$105.00 per 1kg", "category": "Meat & Seafood"},
{"title": "Coles Made Easy Slow Cooked Beef Brisket With American Style BBQ Sauce | 800g", "price": "$20.00", "price_calculation": "$25.00 per 1kg", "category": "Meat & Seafood"},
{"title": "Coles Free Range Pork Shoulder Roast Boneless | approx 1.8kg", "price": "$21.60", "price_calculation": "$12.00 per 1kg", "category": "Meat & Seafood"},
{"title": "Coles Free Range Pork Loin Chops | approx 400g", "price": "$8.80", "price_calculation": "$22.00 per 1kg", "category": "Meat & Seafood"},
{"title": "Coles Lamb Short Ribs With Sweet & Sticky BBQ Marinade | 750g", "price": "$15.00", "price_calculation": "$20.00 per 1kg", "category": "Meat & Seafood"},
{"title": "Bertocchi Authentic Boneless Leg Ham         | approx 1Kg", "price": "$16.10", "price_calculation": "$23.00 per 1kg", "category": "Meat & Seafood"},
{"title": "Coles Graze Grassfed Blade Roast | approx 1.4kg", "price": "$25.20", "price_calculation": "$18.00 per 1kg", "category": "Meat & Seafood"},
{"title": "Coles Lamb Shoulder Butterflied With Spiced Marinade | approx 800g", "price": "$19.20", "price_calculation": "$24.00 per 1kg", "category": "Meat & Seafood"},
{"title": "Coles Made Easy Slow Cooked Beef Brisket | 800g", "price": "$21.00", "price_calculation": "$26.25 per 1kg", "category": "Meat & Seafood"},
{"title": "K-Roo Kangaroo Herb and Garlic Marinated Steak | approx 520g", "price": "$13.00", "price_calculation": "$25.00 per 1kg", "category": "Meat & Seafood"},
{"title": "Coles Beechwood Smoked Pork Speck Portion Boneless | approx 650g", "price": "$17.55", "price_calculation": "$27.00 per 1kg", "category": "Meat & Seafood"},
{"title": "Coles Lamb Crumbed Cutlets With Herbed Crumb 4 pack | approx 450g", "price": "$17.55", "price_calculation": "$39.00 per 1kg", "category": "Meat & Seafood"},
{"title": "Coles Finest Lamb Tenderloins | approx 200g", "price": "$11.00", "price_calculation": "$55.00 per 1kg", "category": "Meat & Seafood"},
{"title": "Coles Deli Thawed MSC Raw Aussie Oz Garlic Prawn Skewers | 1 each", "price": "$2.80", "price_calculation": "$2.80 per 1ea", "category": "Meat & Seafood"},
{"title": "Coles Entertaining Peking Duck Spring Rolls | 200g", "price": null, "price_calculation": null, "category": "Meat & Seafood"},
{"title": "Inglewood Organic Honey Soy Chicken Nibbles | 350g", "price": "$6.50", "price_calculation": "$18.57 per 1kg", "category": "Meat & Seafood"},
{"title": "Herb & Sons Chicken-Free Nuggets | 400g", "price": "$9.00", "price_calculation": "$22.50 per 1kg", "category": "Meat & Seafood"},
{"title": "V2 Mince Plant Based | 400g", "price": "$7.50", "price_calculation": "$18.75 per 1kg", "category": "Meat & Seafood"},
{"title": "Coles One Pot Beef Mexican | 500g", "price": "$11.00", "price_calculation": "$22.00 per 1kg", "category": "Meat & Seafood"},
{"title": "Norfolk Bay Wood Smoked Mussels Natural | 120g", "price": "$8.50", "price_calculation": "$70.83 per 1kg", "category": "Meat & Seafood"},
{"title": "Coles Organic Beef Scotch Fillet | 300g", "price": "$17.00", "price_calculation": "$68.00 per 1kg", "category": "Meat & Seafood"},
{"title": "V2 Burger Plant Based 4 Pack | 452g", "price": "$9.00", "price_calculation": "$19.91 per 1kg", "category": "Meat & Seafood"},
{"title": "Coles Pork Loin Roast With Herbs & Spices | approx 700g", "price": "$16.80", "price_calculation": "$24.00 per 1kg", "category": "Meat & Seafood"},
{"title": "V2 Sausage Spicy Spanish Plant Based 6 Pack | 390g", "price": "$9.50", "price_calculation": "$24.36 per 1kg", "category": "Meat & Seafood"},
{"title": "Coles Beechwood Smoked Picnic Ham | approx 3.1kg", "price": "$26.35", "price_calculation": "$8.50 per 1kg", "category": "Meat & Seafood"},
{"title": "K-Roo Kangaroo Sizzle Steak | 400g", "price": "$10.50", "price_calculation": "$26.25 per 1kg", "category": "Meat & Seafood"},
{"title": "Coles Deli RSPCA Approved Chicken Garlic Kyiv | 1 each", "price": "$2.50", "price_calculation": "$2.50 per 1ea", "category": "Meat & Seafood"},
{"title": "Ocean Blue Premium Blue Swimmer Crab Meat | 140g", "price": "$12.00", "price_calculation": "$85.71 per 1kg", "category": "Meat & Seafood"},
{"title": "Sunfed Boar Free Bacon Premium Hickory | 120g", "price": "$6.50", "price_calculation": "$54.17 per 1kg", "category": "Meat & Seafood"},
{"title": "Luv A Duck Fresh Duck Breast Fillets | 380g", "price": "$15.30", "price_calculation": "$40.26 per 1kg", "category": "Meat & Seafood"},
{"title": "Next Plant Based Chicken Chunks Original | 250g", "price": "$8.00", "price_calculation": "$32.00 per 1kg", "category": "Meat & Seafood"},
{"title": "Cleaver's Beef Porterhouse Steak Organic                                                                                                   | approx 350g", "price": "$18.29", "price_calculation": "$52.25 per 1kg", "category": "Meat & Seafood"},
{"title": "Herb & Sons Beef Free Sausages | 450g", "price": "$8.50", "price_calculation": "$18.89 per 1kg", "category": "Meat & Seafood"},
{"title": "Coles Lamb Leg Butterflied | approx 1.1kg", "price": "$22.00", "price_calculation": "$20.00 per 1kg", "category": "Meat & Seafood"},
{"title": "Sunfed Bull Free Beef Raw Prime Mince | 350g", "price": "$9.00", "price_calculation": "$25.72 per 1kg", "category": "Meat & Seafood"},
{"title": "Coles Ready To Roast Porchetta With Fennel & Orange Seasoning | approx 1.1kg", "price": "$22.00", "price_calculation": "$20.00 per 1kg", "category": "Meat & Seafood"},
{"title": "Coles Beechwood Smoked Leg Ham Portion | approx 2.5kg", "price": "$31.25", "price_calculation": "$12.50 per 1kg", "category": "Meat & Seafood"},
{"title": "Drovers Choice No Added Hormone Beef Rump Steak | approx 1.05kg", "price": "$23.10", "price_calculation": "$22.00 per 1kg", "category": "Meat & Seafood"},
{"title": "Coles Finest Australian Lamb Shanks With Massaman Curry | 1 each", "price": "$23.00", "price_calculation": "$23.00 per 1kg", "category": "Meat & Seafood"},
{"title": "Coles Lamb Leg Butterflied With Pomegranate And Rosemary | approx 1.2Kg", "price": "$28.80", "price_calculation": "$24.00 per 1kg", "category": "Meat & Seafood"},
{"title": "Coles Bakery Tiger Rolls | 6 pack", "price": "$2.50", "price_calculation": "$0.42 per 1ea", "category": "Bakery"},
{"title": "Coles Cinnamon Donuts | 12 pack", "price": "$3.50", "price_calculation": "$0.29 per 1ea", "category": "Bakery"},
{"title": "Coles Soft White Wraps 8 pack | 360g", "price": "$2.50", "price_calculation": "$0.69 per 100g", "category": "Bakery"},
{"title": "Wholemeal Sandwich Loaf | 680g", "price": "$2.70", "price_calculation": "$0.40 per 100g", "category": "Bakery"},
{"title": "M&M's Cookies 8 pack | 200g", "price": "$3.50", "price_calculation": "$1.75 per 100g", "category": "Bakery"},
{"title": "Coles Bakery Hawaiian Pizza Roll | 2 pack", "price": "$3.90", "price_calculation": "$1.95 per 1ea", "category": "Bakery"},
{"title": "Coles High Fibre Multigrain Bread | 700g", "price": "$3.50", "price_calculation": "$0.50 per 100g", "category": "Bakery"},
{"title": "Coles Bakery Ultimate Chocolate Chip Cookie | 6 pack", "price": "$3.50", "price_calculation": "$0.58 per 1ea", "category": "Bakery"},
{"title": "Coles Bakery High Fibre Low Gi 7 Seeds & Grains Toast Bread Loaf | 800g", "price": "$3.70", "price_calculation": "$0.46 per 100g", "category": "Bakery"},
{"title": "Coles Bakery Super Soft Hot Dog Rolls | 6 pack", "price": "$2.50", "price_calculation": "$0.42 per 1ea", "category": "Bakery"},
{"title": "Coles Bakery Super Soft Jumbo Round Rolls | 6 pack", "price": "$3.00", "price_calculation": "$0.50 per 1ea", "category": "Bakery"},
{"title": "Coles Bakery Chocolate Chip Cookies | 12 pack", "price": "$3.00", "price_calculation": "$0.25 per 1ea", "category": "Bakery"},
{"title": "Coles Pikelets 8 pack | 200g", "price": "$2.20", "price_calculation": "$1.10 per 100g", "category": "Bakery"},
{"title": "Coles Blueberry Mini Muffins | 9 pack", "price": "$4.70", "price_calculation": "$0.52 per 1ea", "category": "Bakery"},
{"title": "Coles Bakery Cinnamon Donuts | 6 pack", "price": "$2.80", "price_calculation": "$0.47 per 1ea", "category": "Bakery"},
{"title": "Coles High Fibre White Sandwich Bread | 700g", "price": "$3.50", "price_calculation": "$0.50 per 100g", "category": "Bakery"},
{"title": "Coles Bakery Stone Baked By Laurent Mini Olive Pane Di Casa | 1 each", "price": "$2.50", "price_calculation": "$2.50 per 1ea", "category": "Bakery"},
{"title": "Coles Bakery High Fibre Low Gi White Toast Loaf | 680g", "price": "$3.70", "price_calculation": "$0.54 per 100g", "category": "Bakery"},
{"title": "Coles Bakery Hawaiian Tear & Share | 1 each", "price": "$4.00", "price_calculation": "$4.00 per 1ea", "category": "Bakery"},
{"title": "Coles Cheese & Bacon Rolls | 4 pack", "price": "$4.50", "price_calculation": "$1.13 per 1ea", "category": "Bakery"},
{"title": "Coles Bakery Super Soft Sesame Hot Dog Rolls | 6 pack", "price": "$2.50", "price_calculation": "$0.42 per 1ea", "category": "Bakery"},
{"title": "Coles Bakery High Fibre Low Gi 7 Seeds & Grains Sandwich Bread Loaf | 800g", "price": "$3.70", "price_calculation": "$0.46 per 100g", "category": "Bakery"},
{"title": "Coles Brioche Rolls 8 Pack | 280g", "price": "$4.80", "price_calculation": "$1.71 per 100g", "category": "Bakery"},
{"title": "MEB Pita Khobz White 5 pack | 500g", "price": "$1.90", "price_calculation": "$0.38 per 100g", "category": "Bakery"},
{"title": "Coles Bakery Super Soft Sesame Hamburger Rolls | 6 pack", "price": "$2.50", "price_calculation": "$0.42 per 1ea", "category": "Bakery"},
{"title": "Coles Bakery Anzac Biscuits | 12 pack", "price": "$3.00", "price_calculation": "$0.25 per 1ea", "category": "Bakery"},
{"title": "Coles Finest By Laurent White Sourdough Rolls | 3 pack", "price": "$3.50", "price_calculation": "$1.17 per 1ea", "category": "Bakery"},
{"title": "Coles Bakery Damper Inspired Rolls | 6 pack", "price": "$2.50", "price_calculation": "$0.42 per 1ea", "category": "Bakery"},
{"title": "Coles Finest By Laurent White Sourdough Vienna | 1 pack", "price": "$6.50", "price_calculation": "$6.50 per 1ea", "category": "Bakery"},
{"title": "Coles Mini Jam Donuts  | 6 pack", "price": "$3.60", "price_calculation": "$0.60 per 1ea", "category": "Bakery"},
{"title": "Coles Wholemeal & Grain Soft Wraps 8 Pack | 360g", "price": "$2.50", "price_calculation": "$0.69 per 100g", "category": "Bakery"},
{"title": "Coles Bakery Crusty Round Rolls | 6 pack", "price": "$2.50", "price_calculation": "$0.42 per 1ea", "category": "Bakery"},
{"title": "Coles Bakery High Fibre Low Gi White Sandwich Loaf | 680g", "price": "$3.70", "price_calculation": "$0.54 per 100g", "category": "Bakery"},
{"title": "Coles Chocolate Chip Brioche Rolls 8 Pack | 280g", "price": "$4.80", "price_calculation": "$1.71 per 100g", "category": "Bakery"},
{"title": "Coles Crumpet Rounds 6 Pack | 300g", "price": "$2.00", "price_calculation": "$0.67 per 100g", "category": "Bakery"},
{"title": "Coles Bakery Rustic Baguette | 1 each", "price": "$2.50", "price_calculation": "$2.50 per 1ea", "category": "Bakery"},
{"title": "Coles Brioche Hot Dog Roll 6 Pack | 270g", "price": "$3.80", "price_calculation": "$1.41 per 100g", "category": "Bakery"},
{"title": "Helga's Traditional White Bread | 750g", "price": "$4.90", "price_calculation": "$0.65 per 100g", "category": "Bakery"},
{"title": "Coles Bakery Wholemeal Rolls | 6 pack", "price": "$2.50", "price_calculation": "$0.42 per 1ea", "category": "Bakery"},
{"title": "Coles Soft Multigrain Sandwich Loaf | 650g", "price": "$2.70", "price_calculation": "$0.42 per 100g", "category": "Bakery"},
{"title": "Coles Bakery White Vienna | 1 each", "price": "$3.00", "price_calculation": "$3.00 per 1ea", "category": "Bakery"},
{"title": "Coles Bakery BBQ Cheese And Bacon Pizza Roll | 2 pack", "price": "$3.90", "price_calculation": "$1.95 per 1ea", "category": "Bakery"},
{"title": "Coles Bakery Multigrain Toast Loaf | 680g", "price": "$2.70", "price_calculation": "$0.40 per 100g", "category": "Bakery"},
{"title": "Coles Bakery Super Soft Hot Dog Jumbo Rolls | 6 pack", "price": "$3.00", "price_calculation": "$0.50 per 1ea", "category": "Bakery"},
{"title": "Helga's White Wraps 8 pack | 508g", "price": "$3.00", "price_calculation": "$0.59 per 100g", "category": "Bakery"},
{"title": "Coles Bakery BBQ Cheese And Bacon Tear & Share | 1 each", "price": "$4.00", "price_calculation": "$4.00 per 1ea", "category": "Bakery"},
{"title": "Coles RSPCA Approved Chicken Breast Fillets Large Pack | approx 1.4kg", "price": "$15.40", "price_calculation": "$11.00 per 1kg", "category": "Meat & Seafood"},
{"title": "Tassal Salmon Portions Skin On | 300g", "price": "$14.00", "price_calculation": "$46.67 per 1kg", "category": "Meat & Seafood"},
{"title": "Tassal Fresh Tassie Salmon Portions Skin Off | 300g", "price": "$15.00", "price_calculation": "$50.00 per 1kg", "category": "Meat & Seafood"},
{"title": "Coles RSPCA Approved Chicken Drumsticks Large Pack | approx 1.6kg", "price": "$6.40", "price_calculation": "$4.00 per 1kg", "category": "Dropped & Locked"},
{"title": "Tassal Salmon Portions Mustard And Dill | 300g", "price": "$14.00", "price_calculation": "$46.67 per 1kg", "category": "Meat & Seafood"},
{"title": "Breathe Right Nasal Strips | 30 pack", "price": "$28.00", "price_calculation": "$0.93 per 1ea", "category": "Dropped & Locked"},
{"title": "Huon Premium Cold Smoked Salmon | 100g", "price": "$10.50", "price_calculation": "$105.00 per 1kg", "category": "Meat & Seafood"},
{"title": "Somat Gold Dishwashing Tablets | 51 pack", "price": "$21.00", "price_calculation": "$41.18 per 100ea", "category": "Dropped & Locked"},
{"title": "Coles Beef 4 Star Lean Mince | 500g", "price": "$9.50", "price_calculation": "$19.00 per 1kg", "category": "Meat & Seafood"},
{"title": "Somat Excellence Dishwashing Tablets | 45 pack", "price": "$21.00", "price_calculation": "$46.67 per 100ea", "category": "Dropped & Locked"},
{"title": "Coles RSPCA Approved Chicken Breast Fillets Small Pack | approx 600g", "price": "$7.80", "price_calculation": "$13.00 per 1kg", "category": "Meat & Seafood"},
{"title": "Elastoplast Sport Rigid Strapping Tape | 1 pack", "price": "$10.00", "price_calculation": "$10.00 per 1ea", "category": "Dropped & Locked"},
{"title": "Old El Paso Regular Tortillas Fajita 6 Pack | 240g", "price": "$4.00", "price_calculation": "$1.67 per 100g", "category": "Meat & Seafood"},
{"title": "Nurofen Cold & Flu Ibuprofen 200mg Tablets | 24 pack", "price": "$13.75", "price_calculation": "$0.57 per 1ea", "category": "Dropped & Locked"},
{"title": "Pampas Frozen Puff Pastry Sheets 6 pieces | 1kg", "price": "$5.20", "price_calculation": "$0.52 per 100g", "category": "Meat & Seafood"},
{"title": "Old El Paso Taco Sauce Mild | 200g", "price": "$4.00", "price_calculation": "$2.00 per 100g", "category": "Dropped & Locked"},
{"title": "Coles Deli RSPCA Approved Chicken Breast Fillets | approx 300g", "price": "$3.00", "price_calculation": "$10.00 per 1kg", "category": "Meat & Seafood"},
{"title": "Latina Fresh Beef Ravioli | 625g", "price": "$8.50", "price_calculation": "$1.36 per 100g", "category": "Dropped & Locked"},
{"title": "Coles RSPCA Approved Chicken Drumsticks Large Pack | approx 1.6kg", "price": "$6.40", "price_calculation": "$4.00 per 1kg", "category": "Meat & Seafood"},
{"title": "Sakata Plain Rice Crackers Gluten Free | 100g", "price": "$2.30", "price_calculation": "$2.30 per 100g", "category": "Dropped & Locked"},
{"title": "Coles Deli Fresh Tasmanian Salmon Portions Skin On | approx 200g", "price": "$6.60", "price_calculation": "$33.00 per 1kg", "category": "Meat & Seafood"},
{"title": "Sakata Seaweed Rice Crackers Gluten Free | 90g", "price": "$2.30", "price_calculation": "$2.56 per 100g", "category": "Dropped & Locked"},
{"title": "Coles Beef 5 Star Extra Lean Mince | 500g", "price": "$10.50", "price_calculation": "$21.00 per 1kg", "category": "Meat & Seafood"},
{"title": "Popcorners Gluten Free Snacks Sweet & Salty | 85g", "price": "$3.00", "price_calculation": "$3.53 per 100g", "category": "Dropped & Locked"},
{"title": "Coles RSPCA Approved Chicken Thigh Fillets Large Pack | approx 1.2kg", "price": "$16.20", "price_calculation": "$13.50 per 1kg", "category": "Meat & Seafood"},
{"title": "Coles Turkish Rolls 4 pack | 400g", "price": "$2.80", "price_calculation": "$0.70 per 100g", "category": "Dropped & Locked"},
{"title": "Coles Beef 3 Star Regular Mince | 1kg", "price": "$12.00", "price_calculation": "$12.00 per 1kg", "category": "Meat & Seafood"},
{"title": "Coles Beef 3 Star Regular Mince | 1kg", "price": "$12.00", "price_calculation": "$12.00 per 1kg", "category": "Dropped & Locked"},
{"title": "Coles Tasmanian Salmon Portions Skin On | 460g", "price": "$15.00", "price_calculation": "$32.61 per 1kg", "category": "Meat & Seafood"},
{"title": "Tip Top Cafe Bread Raisin Toast | 650g", "price": "$5.00", "price_calculation": "$0.77 per 100g", "category": "Dropped & Locked"},
{"title": "Coles RSPCA Approved Chicken Thigh Fillets Small Pack | approx 700g", "price": "$10.50", "price_calculation": "$15.00 per 1kg", "category": "Meat & Seafood"},
{"title": "Devondale Full Cream Milk | 2L", "price": "$3.95", "price_calculation": "$1.98 per 1L", "category": "Dropped & Locked"},
{"title": "Coles RSPCA Approved Medium Whole Chicken | approx 1.65kg", "price": "$8.25", "price_calculation": "$5.00 per 1kg", "category": "Meat & Seafood"},
{"title": "Coles Beef Chuck Casserole Steak | approx 900g", "price": "$16.20", "price_calculation": "$18.00 per 1kg", "category": "Dropped & Locked"},
{"title": "Coles Deli Thawed Raw Black Tiger Prawns | approx 250g", "price": "$7.25", "price_calculation": "$29.00 per 1kg", "category": "Meat & Seafood"},
{"title": "Coles Pork Spare Ribs Rr 11X9 Large Tray | approx 800g", "price": "$14.40", "price_calculation": "$18.00 per 1kg", "category": "Dropped & Locked"},
{"title": "Coles Pork & Beef 3 Star Mince Bolognese | 500g", "price": "$6.50", "price_calculation": "$13.00 per 1kg", "category": "Meat & Seafood"},
{"title": "Coles Rindless Pan Sized Bacon | 200g", "price": "$5.00", "price_calculation": "$25.00 per 1kg", "category": "Dropped & Locked"},
{"title": "Coles Beef 4 Star Lean Mince | 800g", "price": "$13.00", "price_calculation": "$16.25 per 1kg", "category": "Meat & Seafood"},
{"title": "Coles Bacon Shortcut Rindless | 200g", "price": "$5.00", "price_calculation": "$25.00 per 1kg", "category": "Dropped & Locked"},
{"title": "Coles RSPCA Approved Free Range Chicken Breast Large Pack | approx 1.25kg", "price": "$17.50", "price_calculation": "$14.00 per 1kg", "category": "Meat & Seafood"},
{"title": "Kellogg's Corn Flakes Breakfast Cereal | 380g", "price": "$4.25", "price_calculation": "$1.12 per 100g", "category": "Dropped & Locked"},
{"title": "Fresh Bananas | approx 180g", "price": "$0.72", "price_calculation": "$4.00 per 1kg", "category": "Fruit & Vegetables"},
{"title": "Coles Free Range RSPCA Approved Chicken Drumsticks | approx 1.4kg", "price": "$8.40", "price_calculation": "$6.00 per 1kg", "category": "Meat & Seafood"},
{"title": "Coles No Added Hormone Beef Oyster Blade Steak | 500g", "price": "$11.00", "price_calculation": "$22.00 per 1kg", "category": "Dropped & Locked"},
{"title": "Coles Hass Avocados | 1 each", "price": "$1.50", "price_calculation": "$1.50 per 1ea", "category": "Fruit & Vegetables"},
{"title": "Coles Deli RSPCA Approved Chicken Thigh Fillets | approx 150g", "price": "$2.02", "price_calculation": "$13.50 per 1kg", "category": "Meat & Seafood"},
{"title": "Arnott's Raspberry Shortcake Biscuits | 250g", "price": "$3.00", "price_calculation": "$1.20 per 100g", "category": "Dropped & Locked"},
{"title": "Old El Paso Hard N Soft Taco Kit Mexican Style | 350g", "price": "$6.65", "price_calculation": "$1.90 per 100g", "category": "Fruit & Vegetables"},
{"title": "Coles Beef Chuck Casserole Steak | approx 900g", "price": "$16.20", "price_calculation": "$18.00 per 1kg", "category": "Meat & Seafood"},
{"title": "Coles Pikelets 8 pack | 200g", "price": "$2.20", "price_calculation": "$1.10 per 100g", "category": "Dropped & Locked"},
{"title": "Coles Carrots Prepacked 1Kg | 1 each", "price": "$1.40", "price_calculation": "$1.40 per 1kg", "category": "Fruit & Vegetables"},
{"title": "Coles Extra Lean Pork Mince | 500g", "price": "$7.00", "price_calculation": "$14.00 per 1kg", "category": "Meat & Seafood"},
{"title": "Coles Thawed Seafood Marinara Mix | approx 250g", "price": "$3.75", "price_calculation": "$15.00 per 1kg", "category": "Dropped & Locked"},
{"title": "Coles Broccoli | approx 340g", "price": "$0.99", "price_calculation": "$2.90 per 1kg", "category": "Fruit & Vegetables"},
{"title": "Coles Tasmanian Salmon Portions Skin Off | 460g", "price": "$17.50", "price_calculation": "$38.04 per 1kg", "category": "Meat & Seafood"},
{"title": "Coles Bakery Stone Baked By Laurent Mini Olive Pane Di Casa | 1 each", "price": "$2.50", "price_calculation": "$2.50 per 1ea", "category": "Dropped & Locked"},
{"title": "Coles Imperial Mandarins Medium | approx 80g", "price": "$0.28", "price_calculation": "$3.50 per 1kg", "category": "Fruit & Vegetables"},
{"title": "Coles Deli Thawed Raw Peeled Prawn Meat | approx 250g", "price": "$7.50", "price_calculation": "$30.00 per 1kg", "category": "Meat & Seafood"},
{"title": "Coles Bacon Streaky | 200g", "price": "$5.00", "price_calculation": "$25.00 per 1kg", "category": "Dropped & Locked"},
{"title": "Coles Raspberries | 125g", "price": "$5.00", "price_calculation": "$40.00 per 1kg", "category": "Fruit & Vegetables"},
{"title": "Coles RSPCA Approved Free Range Chicken Wing Nibbles | approx 600g", "price": "$4.20", "price_calculation": "$7.00 per 1kg", "category": "Meat & Seafood"},
{"title": "Coles Australian Full Cream Long Life Milk | 1L", "price": "$1.60", "price_calculation": "$1.60 per 1L", "category": "Drinks"},
{"title": "Coles Lamb Whole Lamb Leg Roast | approx 2.8kg", "price": "$33.60", "price_calculation": "$12.00 per 1kg", "category": "Dropped & Locked"},
{"title": "Coles Continental Cucumbers Loose | 1 each", "price": "$2.20", "price_calculation": "$2.20 per 1ea", "category": "Fruit & Vegetables"},
{"title": "Coles Pork Spare Ribs Rr 11X9 Large Tray | approx 800g", "price": "$14.40", "price_calculation": "$18.00 per 1kg", "category": "Meat & Seafood"},
{"title": "Coca-Cola Cola Soft Drink 24x375mL | 24 pack", "price": "$20.00", "price_calculation": "$2.22 per 1L", "category": "Drinks"},
{"title": "Drovers Beef Mince Big Value Pack | approx 1.9kg", "price": "$21.85", "price_calculation": "$11.50 per 1kg", "category": "Dropped & Locked"},
{"title": "Coles Green Zucchini | approx 260g", "price": "$1.01", "price_calculation": "$3.90 per 1kg", "category": "Fruit & Vegetables"},
{"title": "Coles No Added Hormone Beef Porterhouse Steak 2 Pack | 450g", "price": "$16.00", "price_calculation": "$35.56 per 1kg", "category": "Meat & Seafood"},
{"title": "Coca-Cola Zero Sugar Soft Drink Multipack Cans 24x375mL | 24 pack", "price": "$20.00", "price_calculation": "$2.22 per 1L", "category": "Drinks"},
{"title": "Coles Finest By Laurent White Sourdough Vienna | 1 pack", "price": "$6.50", "price_calculation": "$6.50 per 1ea", "category": "Dropped & Locked"},
{"title": "Coles Red Seedless Grapes | approx 800g", "price": "$3.60", "price_calculation": "$4.50 per 1kg", "category": "Fruit & Vegetables"},
{"title": "Coles RSPCA Approved Free Range Chicken Thigh Large Pack | approx 1.25kg", "price": "$20.62", "price_calculation": "$16.50 per 1kg", "category": "Meat & Seafood"},
{"title": "Mount Franklin Sparkling Water Cans Passionfruit 6X250mL | 6 pack", "price": "$5.80", "price_calculation": "$3.87 per 1L", "category": "Drinks"},
{"title": "Arnott's Shortbread Cream Biscuits | 250g", "price": "$3.00", "price_calculation": "$1.20 per 100g", "category": "Dropped & Locked"},
{"title": "Coles Red Capsicum | approx 200g", "price": "$1.18", "price_calculation": "$5.90 per 1kg", "category": "Fruit & Vegetables"},
{"title": "Lilydale Free Range Chicken Breast Fillets Bulk Pack  | approx 1kg", "price": "$15.00", "price_calculation": "$15.00 per 1kg", "category": "Meat & Seafood"},
{"title": "Kirks Lemonade Soft Drink 10x375mL | 10 Pack", "price": "$6.95", "price_calculation": "$1.85 per 1L", "category": "Drinks"},
{"title": "Arnott's Lemon Crisp Biscuits | 250g", "price": "$3.00", "price_calculation": "$1.20 per 100g", "category": "Dropped & Locked"},
{"title": "Coles Field Tomatoes Loose | approx 110g", "price": "$0.87", "price_calculation": "$7.90 per 1kg", "category": "Fruit & Vegetables"},
{"title": "Coles Deli Thawed Arrow Squid Rings | approx 250g", "price": "$1.75", "price_calculation": "$7.00 per 1kg", "category": "Meat & Seafood"},
{"title": "Kirks Drink Pasito Sugar Free 10x375mL | 10 pack", "price": "$6.95", "price_calculation": "$1.85 per 1L", "category": "Drinks"},
{"title": "Coles Bakery Stone Baked Mini White Pane Di Casa | 1 each", "price": "$2.50", "price_calculation": "$2.50 per 1ea", "category": "Dropped & Locked"},
{"title": "Fresh Strawberries Prepacked | 250g", "price": "$6.00", "price_calculation": "$24.00 per 1kg", "category": "Fruit & Vegetables"},
{"title": "Coles Lamb Shanks 2 pack | approx 775g", "price": "$10.07", "price_calculation": "$13.00 per 1kg", "category": "Meat & Seafood"},
{"title": "Kirks Zero Sugar Orange Soft Drink Cans 10x375ml | 10 pack", "price": "$6.95", "price_calculation": "$1.85 per 1L", "category": "Drinks"},
{"title": "Red Rock Deli Sweet Chilli & Sour Cream Potato Chips | 290g", "price": "$6.00", "price_calculation": "$2.07 per 100g", "category": "Dropped & Locked"},
{"title": "Coles Cauliflower Medium | 1 each", "price": "$2.50", "price_calculation": "$2.50 per 1ea", "category": "Fruit & Vegetables"},
{"title": "Coles No Added Hormone Beef Oyster Blade Steak | 500g", "price": "$11.00", "price_calculation": "$22.00 per 1kg", "category": "Meat & Seafood"},
{"title": "Pepsi Max Soft Drink 375mL | 30 pack", "price": "$23.00", "price_calculation": "$2.04 per 1L", "category": "Drinks"},
{"title": "Coles Squeezie Strawberry Yoghurt Pouch | 70g", "price": "$0.75", "price_calculation": "$1.07 per 100g", "category": "Dropped & Locked"},
{"title": "Coles White Seedless Grapes Loose | approx 800g", "price": "$3.52", "price_calculation": "$4.40 per 1kg", "category": "Fruit & Vegetables"},
{"title": "Coles Thawed Seafood Marinara Mix | approx 250g", "price": "$3.75", "price_calculation": "$15.00 per 1kg", "category": "Meat & Seafood"},
{"title": "Solo Lemon Soft Drink | 30 pack", "price": "$23.00", "price_calculation": "$2.04 per 1L", "category": "Drinks"},
{"title": "Doritos Cheese Supreme Corn Chips Sharepack | 380g", "price": "$6.00", "price_calculation": "$1.58 per 100g", "category": "Dropped & Locked"},
{"title": "Fresh Brown Onions Loose | approx 180g", "price": "$0.67", "price_calculation": "$3.70 per 1kg", "category": "Fruit & Vegetables"},
{"title": "Coles Deli RSPCA Approved Chicken Breast Chunks | approx 250g", "price": "$2.50", "price_calculation": "$10.00 per 1kg", "category": "Meat & Seafood"},
{"title": "Nestle Milo Chocolate Malt Powder Drink Hot Or Cold | 1kg", "price": "$12.00", "price_calculation": "$1.20 per 100g", "category": "Drinks"},
{"title": "Coles Bakery Mixed Biscuit Tray | 24 pack", "price": "$6.00", "price_calculation": "$0.25 per 1ea", "category": "Dropped & Locked"},
{"title": "Coles Greenhouse Truss Tomatoes | approx 140g", "price": "$1.39", "price_calculation": "$9.90 per 1kg", "category": "Fruit & Vegetables"},
{"title": "Coles Deli Fresh Tasmanian Salmon Portions Skin Off | approx 250g", "price": "$9.00", "price_calculation": "$36.00 per 1kg", "category": "Meat & Seafood"},
{"title": "Coles Spring Water 24X600Ml | 24 pack", "price": "$6.40", "price_calculation": "$0.44 per 1L", "category": "Drinks"},
{"title": "Smith's Crinkle Original Potato Chips | 380g", "price": "$6.00", "price_calculation": "$1.58 per 100g", "category": "Dropped & Locked"},
{"title": "Coles Seedless Watermelon Cut | approx1.99 kg", "price": "$5.77", "price_calculation": "$2.90 per 1kg", "category": "Fruit & Vegetables"},
{"title": "Coles Deli Thawed Basa Fillets | approx 200g", "price": "$1.80", "price_calculation": "$9.00 per 1kg", "category": "Meat & Seafood"},
{"title": "Coles Soda Water | 1.25L", "price": "$0.90", "price_calculation": "$0.72 per 1L", "category": "Drinks"},
{"title": "Arnott's Monte Carlo Biscuits | 250g", "price": "$3.00", "price_calculation": "$1.20 per 100g", "category": "Dropped & Locked"},
{"title": "Coles Sweet Gold Potatoes Loose | approx 350g", "price": "$1.57", "price_calculation": "$4.50 per 1kg", "category": "Fruit & Vegetables"},
{"title": "Coles RSPCA Approved Extra Large Whole Chicken | approx 2.4kg", "price": "$12.00", "price_calculation": "$5.00 per 1kg", "category": "Meat & Seafood"},
{"title": "Coles Natural Mineral Water | 1.25L", "price": "$0.90", "price_calculation": "$0.72 per 1L", "category": "Drinks"},
{"title": "Devondale Moo Chocolate Flavoured Multipack Milk 200mL | 6 pack", "price": "$5.90", "price_calculation": "$4.92 per 1L", "category": "Dropped & Locked"},
{"title": "Coles Cherry Tomatoes Prepacked | 250g", "price": "$2.50", "price_calculation": "$10.00 per 1kg", "category": "Fruit & Vegetables"},
{"title": "Coles Butcher Lamb Loin Chops | approx 500g", "price": "$10.00", "price_calculation": "$20.00 per 1kg", "category": "Meat & Seafood"},
{"title": "Coles Natural Spring Water | 1.5L", "price": "$0.80", "price_calculation": "$0.53 per 1L", "category": "Drinks"},
{"title": "Coles Asia Premium Thai Coconut Mil | 400mL", "price": "$2.00", "price_calculation": "$0.50 per 100mL", "category": "Dropped & Locked"},
{"title": "Coles Medium Navel Oranges | approx 180g", "price": "$0.52", "price_calculation": "$2.90 per 1kg", "category": "Fruit & Vegetables"},
{"title": "Coles Deli RSPCA Approved Chicken Drumsticks | approx 160g", "price": "$0.72", "price_calculation": "$4.50 per 1kg", "category": "Meat & Seafood"},
{"title": "Coca-Cola Classic Soft Drink Bottle | 2L", "price": "$3.50", "price_calculation": "$1.75 per 1L", "category": "Drinks"},
{"title": "Coles Bakery Stone Baked By Laurent Mini White Sourdough Vienna | 1 each", "price": "$2.50", "price_calculation": "$2.50 per 1ea", "category": "Dropped & Locked"},
{"title": "Coles Grape Perino Tomatoes Prepacked | 200g", "price": "$4.50", "price_calculation": "$22.50 per 1kg", "category": "Fruit & Vegetables"},
{"title": "Coles Deli Thawed Australian MSC Raw Banana Prawns | approx 250g", "price": "$5.50", "price_calculation": "$22.00 per 1kg", "category": "Meat & Seafood"},
{"title": "Devondale Full Cream Long Life Milk | 1L", "price": "$2.20", "price_calculation": "$2.20 per 1L", "category": "Drinks"},
{"title": "Steggles Frozen Tempura Chicken Breast Nuggets | 400g", "price": "$4.95", "price_calculation": "$12.38 per 1kg", "category": "Dropped & Locked"},
{"title": "Coles Fresh Loose Cup Mushrooms | approx 200g", "price": "$2.50", "price_calculation": "$12.50 per 1kg", "category": "Fruit & Vegetables"},
{"title": "Coles Butcher Lamb Forequarter Chops | approx 1.177kg", "price": "$17.66", "price_calculation": "$15.00 per 1kg", "category": "Meat & Seafood"},
{"title": "Nudie Pulp Oranges Juice Chilled | 2L", "price": "$6.80", "price_calculation": "$3.40 per 1L", "category": "Drinks"},
{"title": "Coles Beef Diced                                                                                                                      | 500g", "price": "$11.00", "price_calculation": "$22.00 per 1kg", "category": "Dropped & Locked"},
{"title": "Coles Packham Pears | approx 240g", "price": "$0.67", "price_calculation": "$2.80 per 1kg", "category": "Fruit & Vegetables"},
{"title": "Coles Deli Thawed Barramundi Fillets | approx 350g", "price": "$5.95", "price_calculation": "$17.00 per 1kg", "category": "Meat & Seafood"},
{"title": "Pepsi Max Cola Soft Drink Bottle | 1.25L", "price": "$1.70", "price_calculation": "$1.36 per 1L", "category": "Drinks"},
{"title": "Coles RSPCA Approved Chicken Mixed Portions Southern Fried | approx 1.3kg", "price": "$15.60", "price_calculation": "$12.00 per 1kg", "category": "Dropped & Locked"},
{"title": "Coles Brown Onions | 1kg", "price": "$3.50", "price_calculation": "$3.50 per 1kg", "category": "Fruit & Vegetables"},
{"title": "Coles Australian Lite Long Life Milk | 1L", "price": "$1.60", "price_calculation": "$1.60 per 1L", "category": "Drinks"},
{"title": "Red Rock Deli Honey Soy Chicken Party Bag Potato Chips | 290g", "price": "$6.00", "price_calculation": "$2.07 per 100g", "category": "Dropped & Locked"},
{"title": "Coles Lebanese Cucumbers | approx 210g", "price": "$1.16", "price_calculation": "$5.50 per 1kg", "category": "Fruit & Vegetables"},
{"title": "Nudie Pulp Free Oranges Juice Chilled | 2L", "price": "$6.80", "price_calculation": "$3.40 per 1L", "category": "Drinks"},
{"title": "Coles Chocolate Chip Muffin Bars | 420g", "price": "$5.25", "price_calculation": "$1.25 per 100g", "category": "Dropped & Locked"},
{"title": "Coles Pink Lady Apples | approx 200g", "price": "$1.18", "price_calculation": "$5.90 per 1kg", "category": "Fruit & Vegetables"},
{"title": "Sanitarium So Good Long Life Regular Soy Milk | 1L", "price": "$2.20", "price_calculation": "$2.20 per 1L", "category": "Drinks"},
{"title": "Cadbury Milk Chocolate Baking Chips | 200g", "price": "$3.50", "price_calculation": "$1.75 per 100g", "category": "Dropped & Locked"},
{"title": "Coles Red Onion 1 Kg | 1kg", "price": "$3.00", "price_calculation": "$3.00 per 1kg", "category": "Fruit & Vegetables"},
{"title": "Coca-Cola Classic Soft Drink Bottle | 600mL", "price": "$3.20", "price_calculation": "$5.33 per 1L", "category": "Drinks"},
{"title": "Oreo Original Cookies Family Pack  | 370g", "price": "$4.50", "price_calculation": "$1.22 per 100g", "category": "Dropped & Locked"},
{"title": "Coles Spring Onions | 1 bunch", "price": "$2.80", "price_calculation": "$2.80 per 1ea", "category": "Fruit & Vegetables"},
{"title": "Coles Australian Skim Long Life Milk | 1L", "price": "$1.60", "price_calculation": "$1.60 per 1L", "category": "Drinks"},
{"title": "Coles Turkish Pide | 400g", "price": "$2.80", "price_calculation": "$0.70 per 100g", "category": "Dropped & Locked"},
{"title": "Coles Black Grapes | approx 800g", "price": "$2.54", "price_calculation": "$3.90 per 1kg", "category": "Fruit & Vegetables"},
{"title": "Coles Natural Spring Water 350mL | 24 pack", "price": "$6.40", "price_calculation": "$0.76 per 1L", "category": "Drinks"},
{"title": "McCain Pub Style Extra Crispy Fries | 750g", "price": "$4.80", "price_calculation": "$6.40 per 1kg", "category": "Dropped & Locked"},
{"title": "Coles Creme Gold Washed Potatoes Loose | approx140g", "price": "$0.63", "price_calculation": "$4.50 per 1kg", "category": "Fruit & Vegetables"},
{"title": "Mount Franklin Spring Water Bottle | 600mL", "price": "$2.10", "price_calculation": "$3.50 per 1L", "category": "Drinks"},
{"title": "Smith's Crinkle Cut Salt And Vinegar Potato Chips | 380g", "price": "$6.00", "price_calculation": "$1.58 per 100g", "category": "Dropped & Locked"},
{"title": "Coles Mini Pack Mandarins | 850g", "price": "$2.50", "price_calculation": "$2.94 per 1kg", "category": "Fruit & Vegetables"},
{"title": "Coles Apple Juice | 2L", "price": "$2.80", "price_calculation": "$1.40 per 1L", "category": "Drinks"},
{"title": "Sakata Wholegrain Original Rice Crackers | 90g", "price": "$2.30", "price_calculation": "$2.56 per 100g", "category": "Dropped & Locked"},
{"title": "Coles Afourer Mandarins | approx 130g", "price": "$0.46", "price_calculation": "$3.50 per 1kg", "category": "Fruit & Vegetables"},
{"title": "Lipton Black Tea Bags | 100 Pack", "price": "$2.90", "price_calculation": "$0.03 per 1ea", "category": "Drinks"},
{"title": "Coles Rapid Tablets Ibuprofen | 24pack", "price": "$4.50", "price_calculation": "$0.19 per 1ea", "category": "Dropped & Locked"},
{"title": "Coles Blackberries Prepacked | 125g", "price": "$5.00", "price_calculation": "$40.00 per 1kg", "category": "Fruit & Vegetables"},
{"title": "Powerade ION4 Mountain Blast Sports Drink Sipper Cap | 600mL", "price": "$2.30", "price_calculation": "$3.83 per 1L", "category": "Drinks"},
{"title": "Coles Squeezie Blueberry Yoghurt Pouch | 70g", "price": "$0.75", "price_calculation": "$1.07 per 100g", "category": "Dropped & Locked"},
{"title": "Coles Green Beans loose | approx 200g", "price": "$1.58", "price_calculation": "$7.90 per 1kg", "category": "Fruit & Vegetables"},
{"title": "Coles Full Cream Milk Powder | 1kg", "price": "$10.00", "price_calculation": "$1.00 per 100g", "category": "Drinks"},
{"title": "Coles Bakery Stone Baked By Laurent Mini Pumpkin & Soybean Pane Di Casa | 1 each", "price": "$2.50", "price_calculation": "$2.50 per 1ea", "category": "Dropped & Locked"},
{"title": "Coles Iceberg Lettuce | 1 each", "price": "$3.90", "price_calculation": "$3.90 per 1ea", "category": "Fruit & Vegetables"},
{"title": "Coca-Cola Zero Sugar Soft Drink Bottle | 600mL", "price": "$3.20", "price_calculation": "$5.33 per 1L", "category": "Drinks"},
{"title": "Coles Bakery Flatbread White | 6 pack", "price": "$4.00", "price_calculation": "$0.67 per 1ea", "category": "Bakery"},
{"title": "Coles Green Capsicum Loose | approx 250g", "price": "$1.48", "price_calculation": "$5.90 per 1kg", "category": "Fruit & Vegetables"},
{"title": "Coca-Cola Zero Sugar Soft Drink Bottle | 2L", "price": "$3.50", "price_calculation": "$1.75 per 1L", "category": "Drinks"},
{"title": "Cadbury Mini Rolls Chocolate 5pack | 115g", "price": "$3.00", "price_calculation": "$2.61 per 100g", "category": "Bakery"},
{"title": "Coles Carrots Loose | approx 170g", "price": "$0.42", "price_calculation": "$2.50 per 1kg", "category": "Fruit & Vegetables"},
{"title": "Pepsi Max Soft Drink | 2L", "price": "$3.00", "price_calculation": "$1.50 per 1L", "category": "Drinks"},
{"title": "Cadbury Milk Chocolate Cake Bars | 105g", "price": "$3.00", "price_calculation": "$2.86 per 100g", "category": "Bakery"},
{"title": "Coles Blueberries Prepacked | 125g", "price": "$6.90", "price_calculation": "$55.20 per 1kg", "category": "Fruit & Vegetables"},
{"title": "Raw C Pure Natural Coconut Water | 1L", "price": "$5.50", "price_calculation": "$5.50 per 1L", "category": "Drinks"},
{"title": "Tip Top The One White Sandwich Bread | 700g", "price": "$4.40", "price_calculation": "$0.63 per 100g", "category": "Bakery"},
{"title": "Coles Baby Broccoli | 1 each", "price": "$3.50", "price_calculation": "$3.50 per 1ea", "category": "Fruit & Vegetables"},
{"title": "Coles Lactose Free UHT Low Fat Milk | 1L", "price": "$2.00", "price_calculation": "$2.00 per 1L", "category": "Drinks"},
{"title": "Cadbury Raspberry Mini Rolls 5 pack | 130g", "price": "$3.00", "price_calculation": "$2.31 per 100g", "category": "Bakery"},
{"title": "Coles Red Onions Loose | approx 200g", "price": "$0.88", "price_calculation": "$4.40 per 1kg", "category": "Fruit & Vegetables"},
{"title": "Coca-Cola Coke Soft Drink | 30 Pack", "price": "$40.65", "price_calculation": "$3.61 per 1L", "category": "Drinks"},
{"title": "Cadbury Caramel Cake Bars | 105g", "price": "$3.00", "price_calculation": "$2.86 per 100g", "category": "Bakery"},
{"title": "Coles Baby Cucumbers | 250g", "price": "$3.50", "price_calculation": "$14.00 per 1kg", "category": "Fruit & Vegetables"},
{"title": "Pump Spring Water Bottle | 750mL", "price": "$2.75", "price_calculation": "$3.67 per 1L", "category": "Drinks"},
{"title": "Abbott's Bakery Country Grains Bread | 800g", "price": "$4.90", "price_calculation": "$0.61 per 100g", "category": "Bakery"},
{"title": "Coles Washed Potatoes | 2kg", "price": "$7.50", "price_calculation": "$3.75 per 1kg", "category": "Fruit & Vegetables"},
{"title": "Vitasoy UHT Oat Milk | 1L", "price": "$3.30", "price_calculation": "$3.30 per 1L", "category": "Drinks"},
{"title": "Abbott's Bakery Light Rye Bread | 680g", "price": "$4.90", "price_calculation": "$0.72 per 100g", "category": "Bakery"},
{"title": "McCormick Produce Partner Italia Roast Potatoes | 40g", "price": "$1.80", "price_calculation": "$4.50 per 100g", "category": "Fruit & Vegetables"},
{"title": "Powerade ION4 Berry Ice Sports Drink Sipper Cap | 600mL", "price": "$2.30", "price_calculation": "$3.83 per 1L", "category": "Drinks"},
{"title": "Tip Top The One Wholemeal Sandwich Bread | 700g", "price": "$4.40", "price_calculation": "$0.63 per 100g", "category": "Bakery"},
{"title": "Coles Wrapped Butternut Pumpkin | approx 700g", "price": "$1.40", "price_calculation": "$2.00 per 1kg", "category": "Fruit & Vegetables"},
{"title": "Bonsoy Soy Milk | 1L", "price": "$4.90", "price_calculation": "$4.90 per 1L", "category": "Drinks"},
{"title": "Tip Top 9 Grain Original Bread | 700g", "price": "$4.40", "price_calculation": "$0.63 per 100g", "category": "Bakery"},
{"title": "Coles Baby Gem Lettuce | 3 pack", "price": "$3.50", "price_calculation": "$1.17 per 1ea", "category": "Fruit & Vegetables"},
{"title": "Coles Lactose Free Long Life Full Cream Milk | 1L", "price": "$2.00", "price_calculation": "$2.00 per 1L", "category": "Drinks"},
{"title": "Abbott's Bakery Rustic White Bread | 700g", "price": "$4.90", "price_calculation": "$0.70 per 100g", "category": "Bakery"},
{"title": "Coles Royal Gala Apples Loose | approx 160g", "price": "$0.94", "price_calculation": "$5.90 per 1kg", "category": "Fruit & Vegetables"},
{"title": "Pepsi Max Cola | 600mL", "price": "$3.80", "price_calculation": "$6.33 per 1L", "category": "Drinks"},
{"title": "Wonder White Bread Wholemeal Plus Iron | 700g", "price": "$4.40", "price_calculation": "$0.63 per 100g", "category": "Bakery"},
{"title": "Vitasoy Unsweetened Almond UHT Milk 1L | 1L", "price": "$3.30", "price_calculation": "$3.30 per 1L", "category": "Drinks"},
{"title": "Western Star Traditional Spreadable Butter Blend | 500g", "price": "$6.00", "price_calculation": "$1.20 per 100g", "category": "Bakery"},
{"title": "Coles Diet Lemonade Soft Drink | 1.25L", "price": "$0.90", "price_calculation": "$0.72 per 1L", "category": "Drinks"},
{"title": "Coles Bakery Flatbread Wholemeal | 6 pack", "price": "$4.00", "price_calculation": "$0.67 per 1ea", "category": "Bakery"},
{"title": "Coles Full Cream Milk | 3L", "price": "$4.50", "price_calculation": "$1.50 per 1L", "category": "Dairy, Eggs & Fridge"},
{"title": "Coca-Cola Zero Sugar Soft Drink Multipack Cans 30x375mL | 30 Pack", "price": "$40.65", "price_calculation": "$3.61 per 1L", "category": "Drinks"},
{"title": "Coles Bakery Croissants 3 Pack | 189g", "price": "$2.85", "price_calculation": "$1.51 per 100g", "category": "Bakery"},
{"title": "Farmers Union Iced Coffee | 2L", "price": "$5.00", "price_calculation": "$2.50 per 1L", "category": "Dairy, Eggs & Fridge"},
{"title": "Coles Drink Soy Regular | 1L", "price": "$1.15", "price_calculation": "$1.15 per 1L", "category": "Drinks"},
{"title": "Coles White Bread | 650g", "price": "$2.40", "price_calculation": "$0.37 per 100g", "category": "Bakery"},
{"title": "Dare Iced Coffee Espresso Flavoured Milk | 500mL", "price": "$2.90", "price_calculation": "$5.80 per 1L", "category": "Dairy, Eggs & Fridge"},
{"title": "Coles Water 12x600mL | 12 pack", "price": "$3.20", "price_calculation": "$0.44 per 1L", "category": "Drinks"},
{"title": "Tip Top Original English Muffins 6 Pack | 400g", "price": "$3.00", "price_calculation": "$0.75 per 100g", "category": "Bakery"},
{"title": "Big M Iced Coffee Flavoured Milk | 2L", "price": "$5.00", "price_calculation": "$2.50 per 1L", "category": "Dairy, Eggs & Fridge"},
{"title": "Daily Juice Pulp Free No Added Sugar Orange Juice | 2L", "price": "$5.00", "price_calculation": "$2.50 per 1L", "category": "Drinks"},
{"title": "Tip Top The One White Toast Bread | 700g", "price": "$4.40", "price_calculation": "$0.63 per 100g", "category": "Bakery"},
{"title": "Latina Fresh Beef Ravioli | 625g", "price": "$8.50", "price_calculation": "$1.36 per 100g", "category": "Dairy, Eggs & Fridge"},
{"title": "Twinings English Breakfast Tea Bags 100 pack | 200g", "price": "$13.50", "price_calculation": "$0.14 per 1ea", "category": "Drinks"},
{"title": "Coles Bakery Super Soft Round Rolls | 6 pack", "price": "$2.50", "price_calculation": "$0.42 per 1ea", "category": "Bakery"},
{"title": "Latina Fresh Creamy Sundried Tomato Pasta Sauce | 425g", "price": "$6.50", "price_calculation": "$1.53 per 100g", "category": "Dairy, Eggs & Fridge"},
{"title": "Original Juice Co. Black Label Pulp Free Chilled Orange Juice | 1.5L", "price": "$6.00", "price_calculation": "$4.00 per 1L", "category": "Drinks"},
{"title": "Coles High Fibre Wholemeal Bread | 700g", "price": "$3.50", "price_calculation": "$0.50 per 100g", "category": "Bakery"},
{"title": "Latina Fresh Creamy Carbonara Pasta Sauce | 425g", "price": "$6.50", "price_calculation": "$1.53 per 100g", "category": "Dairy, Eggs & Fridge"},
{"title": "V Energy Drink Can | 250mL", "price": "$2.35", "price_calculation": "$9.40 per 1L", "category": "Drinks"},
{"title": "Coles Soft Wholemeal Sandwich Loaf | 650g", "price": "$2.70", "price_calculation": "$0.42 per 100g", "category": "Bakery"},
{"title": "Latina Fresh Italian Tomato & Garlic Pasta Sauce | 425g", "price": "$6.50", "price_calculation": "$1.53 per 100g", "category": "Dairy, Eggs & Fridge"},
{"title": "Coles Orange Juice | 2L", "price": "$2.80", "price_calculation": "$1.40 per 1L", "category": "Drinks"},
{"title": "Coles Bakery Pancakes | 5 pack", "price": "$4.00", "price_calculation": "$0.80 per 1ea", "category": "Bakery"},
{"title": "Latina Fresh Ricotta & Spinach Agnolotti | 625g", "price": "$8.50", "price_calculation": "$1.36 per 100g", "category": "Dairy, Eggs & Fridge"},
{"title": "Coles RSPCA Approved Whole Chicken Roast | 1 each", "price": "$12.00", "price_calculation": "$12.00 per 1ea", "category": "Deli"},
{"title": "Sanitarium So Good Long Life Unsweetened Almond Milk | 1L", "price": "$2.90", "price_calculation": "$2.90 per 1L", "category": "Drinks"},
{"title": "Helga's Traditional Wholemeal Bread | 750g", "price": "$4.90", "price_calculation": "$0.65 per 100g", "category": "Bakery"},
{"title": "Latina Fresh Roast Chicken & Garlic Ravioli | 625g", "price": "$8.50", "price_calculation": "$1.36 per 100g", "category": "Dairy, Eggs & Fridge"},
{"title": "Primo Manuka Honey Bacon | 175g", "price": "$5.00", "price_calculation": "$28.57 per 1kg", "category": "Deli"},
{"title": "Coles Bakery Croissants 4 Pack | 168g", "price": "$2.85", "price_calculation": "$1.70 per 100g", "category": "Bakery"},
{"title": "Latina Fresh Beef Bolognese | 425g", "price": "$6.50", "price_calculation": "$1.53 per 100g", "category": "Dairy, Eggs & Fridge"},
{"title": "Primo Australian Made Middle Bacon | 200g", "price": "$7.00", "price_calculation": "$35.00 per 1kg", "category": "Deli"},
{"title": "Coles Turkish Rolls 4 pack | 400g", "price": "$2.80", "price_calculation": "$0.70 per 100g", "category": "Bakery"},
{"title": "Coles Full Cream Milk | 2L", "price": "$3.10", "price_calculation": "$1.55 per 1L", "category": "Dairy, Eggs & Fridge"},
{"title": "Primo Australian Short Cut Bacon | 200g", "price": "$7.00", "price_calculation": "$35.00 per 1kg", "category": "Deli"},
{"title": "Coles Bakery Stone Baked By Laurent Pane Di Casa | 1 each", "price": "$4.00", "price_calculation": "$4.00 per 1ea", "category": "Bakery"},
{"title": "Coles Eggs Free Range 12 Pack | 700g", "price": "$5.20", "price_calculation": "$0.74 per 100g", "category": "Dairy, Eggs & Fridge"},
{"title": "Coles Deli RSPCA Approved Chicken Breast Fillets | approx 300g", "price": "$3.00", "price_calculation": "$10.00 per 1kg", "category": "Deli"},
{"title": "Coles Soft White Toast Loaf | 650g", "price": "$2.70", "price_calculation": "$0.42 per 100g", "category": "Bakery"},
{"title": "Betty Crocker Creamy Deluxe Milk Chocolate Frosting | 400g", "price": "$4.50", "price_calculation": "$1.13 per 100g", "category": "Dairy, Eggs & Fridge"},
{"title": "Coles Deli Fresh Tasmanian Salmon Portions Skin On | approx 200g", "price": "$6.60", "price_calculation": "$33.00 per 1kg", "category": "Deli"},
{"title": "Coles Bakery Super Soft White Toast Loaf | 680g", "price": "$2.70", "price_calculation": "$0.40 per 100g", "category": "Bakery"},
{"title": "Coles Lite Reduced Fat | 2L", "price": "$3.10", "price_calculation": "$1.55 per 1L", "category": "Dairy, Eggs & Fridge"},
{"title": "Primo Champagne Ham From the Deli | approx 100g", "price": "$2.00", "price_calculation": "$20.00 per 1kg", "category": "Deli"},
{"title": "Wonder White Bread + Vitamins Toast | 700g", "price": "$4.40", "price_calculation": "$0.63 per 100g", "category": "Bakery"},
{"title": "Coles Cage Free Eggs 12 Pack | 700g", "price": "$4.60", "price_calculation": "$0.66 per 100g", "category": "Dairy, Eggs & Fridge"},
{"title": "Coles Deli Thawed Raw Black Tiger Prawns | approx 250g", "price": "$7.25", "price_calculation": "$29.00 per 1kg", "category": "Deli"},
{"title": "Tip Top Cafe Bread Raisin Toast | 650g", "price": "$5.00", "price_calculation": "$0.77 per 100g", "category": "Bakery"},
{"title": "Primo Short Cut Bacon | approx 250g", "price": "$3.75", "price_calculation": "$15.00 per 1kg", "category": "Dairy, Eggs & Fridge"},
{"title": "Don White Hungarian Salami | approx 100g", "price": "$3.45", "price_calculation": "$34.50 per 1kg", "category": "Deli"},
{"title": "Coles Bakery Vegemite Scroll | 1 each", "price": "$2.50", "price_calculation": "$2.50 per 1ea", "category": "Bakery"},
{"title": "Coles Lite Reduced Fat Milk | 3L", "price": "$4.50", "price_calculation": "$1.50 per 1L", "category": "Dairy, Eggs & Fridge"},
{"title": "Don Deli Melosi Leg Ham | approx 100g", "price": "$2.50", "price_calculation": "$25.00 per 1kg", "category": "Deli"},
{"title": "Coles Bakery Super Soft White Sandwich Loaf | 680g", "price": "$2.70", "price_calculation": "$0.40 per 100g", "category": "Bakery"},
{"title": "Coles Dairy Full Cream Milk | 1L", "price": "$1.60", "price_calculation": "$1.60 per 1L", "category": "Dairy, Eggs & Fridge"},
{"title": "Primo Middle Bacon Rind On | approx 100g", "price": "$1.50", "price_calculation": "$15.00 per 1kg", "category": "Deli"},
{"title": "Coles Bakery Rustic Rolls  | 4 pack", "price": "$3.75", "price_calculation": "$0.94 per 1ea", "category": "Bakery"},
{"title": "Vogel's Hazelnut Honey And Cinnamon Crunchy Clusters | 450g", "price": "$5.50", "price_calculation": "$1.22 per 100g", "category": "Dairy, Eggs & Fridge"},
{"title": "Primo Short Cut Bacon | approx 250g", "price": "$3.75", "price_calculation": "$15.00 per 1kg", "category": "Deli"},
{"title": "Coles Iced Donuts  | 6 pack", "price": "$3.80", "price_calculation": "$0.63 per 1ea", "category": "Bakery"},
{"title": "A2 Dairy Full Cream Milk | 2L", "price": "$6.60", "price_calculation": "$3.30 per 1L", "category": "Dairy, Eggs & Fridge"},
{"title": "Bertocchi Natural Hickory Smoked Leg Ham | approx 100g", "price": "$2.95", "price_calculation": "$29.50 per 1kg", "category": "Deli"},
{"title": "Golden Crumpet Square 6 pack | 425g", "price": "$3.50", "price_calculation": "$0.58 per 1ea", "category": "Bakery"},
{"title": "Coles Australian Full Cream Long Life Milk | 1L", "price": "$1.60", "price_calculation": "$1.60 per 1L", "category": "Dairy, Eggs & Fridge"},
{"title": "Coles Deli Don Kabana | 1 each", "price": "$4.20", "price_calculation": "$4.20 per 1ea", "category": "Deli"},
{"title": "Tip Top Raisin Toast Bread | 520g", "price": "$5.20", "price_calculation": "$1.00 per 100g", "category": "Bakery"},
{"title": "Coles Eggs Free Range 12 pack | 600g", "price": "$4.80", "price_calculation": "$0.80 per 100g", "category": "Dairy, Eggs & Fridge"},
{"title": "Don Virginian Leg Ham Sliced | approx 100g", "price": "$2.70", "price_calculation": "$27.00 per 1kg", "category": "Deli"},
{"title": "Coles Bakery Super Soft Hamburger Rolls | 6 pack", "price": "$2.50", "price_calculation": "$0.42 per 1ea", "category": "Bakery"},
{"title": "Primo Australian Short Cut Bacon | 200g", "price": "$7.00", "price_calculation": "$35.00 per 1kg", "category": "Dairy, Eggs & Fridge"},
{"title": "Coles Deli RSPCA Approved Chicken Thigh Fillets | approx 150g", "price": "$2.02", "price_calculation": "$13.50 per 1kg", "category": "Deli"},
{"title": "Coles Brioche Hamburger Buns 4 Pack | 200g", "price": "$3.80", "price_calculation": "$1.90 per 100g", "category": "Bakery"},
{"title": "Western Star Traditional Spreadable Butter Blend | 500g", "price": "$6.00", "price_calculation": "$1.20 per 100g", "category": "Dairy, Eggs & Fridge"},
{"title": "Lilydale Chicken Sage & Onion Roast | 1 each", "price": "$13.00", "price_calculation": "$13.00 per 1ea", "category": "Deli"},
{"title": "Helga's Mixed Grain Bread | 850g", "price": "$4.90", "price_calculation": "$0.58 per 100g", "category": "Bakery"},
{"title": "Coles Jumbo Free Range Eggs 12 Pack | 800g", "price": "$5.80", "price_calculation": "$0.73 per 100g", "category": "Dairy, Eggs & Fridge"},
{"title": "Coles Deli Thawed Raw Peeled Prawn Meat | approx 250g", "price": "$7.50", "price_calculation": "$30.00 per 1kg", "category": "Deli"},
{"title": "Coles Pain Au Chocolate | 220g", "price": "$4.00", "price_calculation": "$1.82 per 100g", "category": "Bakery"},
{"title": "Coles Thickened Cream | 600mL", "price": "$4.50", "price_calculation": "$0.75 per 100mL", "category": "Dairy, Eggs & Fridge"},
{"title": "Primo Deli Express Chicken Frankfurt | 750g", "price": "$7.40", "price_calculation": "$9.87 per 1kg", "category": "Deli"},
{"title": "Coles Bakery French Stick | 1 each", "price": "$1.90", "price_calculation": "$1.90 per 1ea", "category": "Bakery"},
{"title": "Sara Lee Frozen Sticky Date Pudding | 475g", "price": "$4.00", "price_calculation": "$0.84 per 100g", "category": "Dairy, Eggs & Fridge"},
{"title": "Bertocchi Triple Smoked Leg Ham | approx 100g", "price": "$3.40", "price_calculation": "$34.00 per 1kg", "category": "Deli"},
{"title": "Coles Mini Chocolate Chip Muffins | 9 Pack", "price": "$4.70", "price_calculation": "$0.52 per 1ea", "category": "Bakery"},
{"title": "Coles Garlic Bread Twin Pack | 450g", "price": "$2.30", "price_calculation": "$0.51 per 100g", "category": "Dairy, Eggs & Fridge"},
{"title": "Coles Deli Thawed Arrow Squid Rings | approx 250g", "price": "$1.75", "price_calculation": "$7.00 per 1kg", "category": "Deli"},
{"title": "Wholemeal Toast Loaf | 680g", "price": "$2.70", "price_calculation": "$0.40 per 100g", "category": "Bakery"},
{"title": "Coles Thickened Cream | 300mL", "price": "$2.80", "price_calculation": "$0.93 per 100mL", "category": "Dairy, Eggs & Fridge"},
{"title": "Coles Rindless Pan Sized Bacon | 200g", "price": "$5.00", "price_calculation": "$25.00 per 1kg", "category": "Deli"},
{"title": "Coles Raisin Toast | 560g", "price": "$3.00", "price_calculation": "$0.54 per 100g", "category": "Bakery"},
{"title": "Pampas Frozen Puff Pastry Sheets 6 pieces | 1kg", "price": "$5.20", "price_calculation": "$0.52 per 100g", "category": "Dairy, Eggs & Fridge"},
{"title": "Coles Bacon Shortcut Rindless | 200g", "price": "$5.00", "price_calculation": "$25.00 per 1kg", "category": "Deli"},
{"title": "Coles Bakery Sesame French Stick | 1 each", "price": "$1.90", "price_calculation": "$1.90 per 1ea", "category": "Bakery"},
{"title": "Pura Multi Nutrient Full Cream Milk | 2L", "price": "$4.10", "price_calculation": "$2.05 per 1L", "category": "Dairy, Eggs & Fridge"},
{"title": "Coles Thawed Seafood Marinara Mix | approx 250g", "price": "$3.75", "price_calculation": "$15.00 per 1kg", "category": "Deli"},
{"title": "Helga's Light Rye Bread | 680g", "price": "$4.90", "price_calculation": "$0.72 per 100g", "category": "Bakery"},
{"title": "Yakult Gluten Free Fermented Milk Drink 10 pack | 65mL", "price": "$7.70", "price_calculation": "$11.85 per 1L", "category": "Dairy, Eggs & Fridge"},
{"title": "Coles Deli Hot Hungarian Don Salami | approx 100g", "price": "$3.45", "price_calculation": "$34.50 per 1kg", "category": "Deli"},
{"title": "Coles Bakery Stone Baked White Sourdough Vienna | 1 each", "price": "$5.00", "price_calculation": "$5.00 per 1ea", "category": "Bakery"},
{"title": "Coles Lite Milk Bottle | 1L", "price": "$1.60", "price_calculation": "$1.60 per 1L", "category": "Dairy, Eggs & Fridge"},
{"title": "Coles Deli RSPCA Approved Chicken Breast Chunks | approx 250g", "price": "$2.50", "price_calculation": "$10.00 per 1kg", "category": "Deli"},
{"title": "Coles Bakery Vietnamese Rolls | 6 pack", "price": "$2.50", "price_calculation": "$0.42 per 1ea", "category": "Bakery"},
{"title": "Farmers Union Greek Style Natural Yoghurt | 1kg", "price": "$6.00", "price_calculation": "$0.60 per 100g", "category": "Dairy, Eggs & Fridge"},
{"title": "Coles Deli Fresh Tasmanian Salmon Portions Skin Off | approx 250g", "price": "$9.00", "price_calculation": "$36.00 per 1kg", "category": "Deli"},
{"title": "Coles English Muffins 6 Pack | 400g", "price": "$2.90", "price_calculation": "$0.73 per 100g", "category": "Bakery"},
{"title": "A2 Light Milk | 2L", "price": "$6.60", "price_calculation": "$3.30 per 1L", "category": "Dairy, Eggs & Fridge"},
{"title": "Coles Bacon Streaky | 200g", "price": "$5.00", "price_calculation": "$25.00 per 1kg", "category": "Deli"},
{"title": "A2 Full Cream Milk | 3L", "price": "$9.80", "price_calculation": "$3.27 per 1L", "category": "Dairy, Eggs & Fridge"},
{"title": "Steggles Roasted Turkey Breast From The Deli | approx 100g", "price": "$2.85", "price_calculation": "$28.50 per 1kg", "category": "Deli"},
{"title": "Coles Cage Free Eggs 18 Pack | 900g", "price": "$6.70", "price_calculation": "$0.84 per 100g", "category": "Dairy, Eggs & Fridge"},
{"title": "Coles Deli Thawed Basa Fillets | approx 200g", "price": "$1.80", "price_calculation": "$9.00 per 1kg", "category": "Deli"},
{"title": "Pauls Farmhouse Gold Full Cream Milk | 1.5L", "price": "$4.20", "price_calculation": "$2.80 per 1L", "category": "Dairy, Eggs & Fridge"},
{"title": "Don Skinless Thin Frankfurt's | approx 100g", "price": "$1.37", "price_calculation": "$13.70 per 1kg", "category": "Deli"},
{"title": "Coles Cheese Shredded Tasty | 700g", "price": "$10.00", "price_calculation": "$14.29 per 1kg", "category": "Dairy, Eggs & Fridge"},
{"title": "Coles Deli RSPCA Approved Chicken Drumsticks | approx 160g", "price": "$0.72", "price_calculation": "$4.50 per 1kg", "category": "Deli"},
{"title": "Sunny Queen Free Range Large Eggs 18 pack | 900g", "price": "$9.90", "price_calculation": "$1.10 per 100g", "category": "Dairy, Eggs & Fridge"},
{"title": "Coles Deli Thawed Australian MSC Raw Banana Prawns | approx 250g", "price": "$5.50", "price_calculation": "$22.00 per 1kg", "category": "Deli"},
{"title": "Devondale Full Cream Milk | 3L", "price": "$5.95", "price_calculation": "$1.98 per 1L", "category": "Dairy, Eggs & Fridge"},
{"title": "Coles Deli Thawed Barramundi Fillets | approx 350g", "price": "$5.95", "price_calculation": "$17.00 per 1kg", "category": "Deli"},
{"title": "Coles Greek Style Natural Yoghurt | 1kg", "price": "$4.40", "price_calculation": "$0.44 per 100g", "category": "Dairy, Eggs & Fridge"},
{"title": "Thomson'S Deli English Style Ham Quad Pack | 400g", "price": "$5.50", "price_calculation": "$13.75 per 1kg", "category": "Deli"},
{"title": "Pura Full Cream Milk | 3L", "price": "$5.90", "price_calculation": "$1.97 per 1L", "category": "Dairy, Eggs & Fridge"},
{"title": "Thomson's Deli Supreme Chicken Breast | approx 100g", "price": "$2.00", "price_calculation": "$20.00 per 1kg", "category": "Deli"},
{"title": "Devondale Full Cream Milk | 2L", "price": "$3.95", "price_calculation": "$1.98 per 1L", "category": "Dairy, Eggs & Fridge"},
{"title": "Thomson's Deli Honey Ham Sliced Quad Pack | 400g", "price": "$5.50", "price_calculation": "$13.75 per 1kg", "category": "Deli"},
{"title": "Coles Free Range Eggs 6 Pack | 300g", "price": "$3.50", "price_calculation": "$1.17 per 100g", "category": "Dairy, Eggs & Fridge"},
{"title": "Coles Silverside | approx 100g", "price": "$2.20", "price_calculation": "$22.00 per 1kg", "category": "Deli"},
{"title": "Coles Sour Cream | 300g", "price": "$3.25", "price_calculation": "$1.08 per 100g", "category": "Dairy, Eggs & Fridge"},
{"title": "Coles Deli Fresh West Australian Barramundi Portions Skin On | approx 200g", "price": "$6.50", "price_calculation": "$32.50 per 1kg", "category": "Deli"},
{"title": "Western Star Original Salted Butter | 250g", "price": "$4.80", "price_calculation": "$1.92 per 100g", "category": "Dairy, Eggs & Fridge"},
{"title": "Jarlsberg Regular Cheese Sliced/Shaved | approx 100g", "price": "$2.65", "price_calculation": "$26.50 per 1kg", "category": "Deli"},
{"title": "Devondale Full Cream Long Life Milk | 1L", "price": "$2.20", "price_calculation": "$2.20 per 1L", "category": "Dairy, Eggs & Fridge"},
{"title": "Coles Deli Thawed Cooked Vannamei Prawns | approx 250g", "price": "$4.50", "price_calculation": "$18.00 per 1kg", "category": "Deli"},
{"title": "A2 Full Cream Milk | 1L", "price": "$3.80", "price_calculation": "$3.80 per 1L", "category": "Dairy, Eggs & Fridge"},
{"title": "Coles Deli Thawed Australian Cooked Black Tiger Prawns Large | approx 250g", "price": "$8.00", "price_calculation": "$32.00 per 1kg", "category": "Deli"},
{"title": "Bega Dairy Natural Tasty Cheese Slices 30 Pack | 500g", "price": "$10.50", "price_calculation": "$21.00 per 1kg", "category": "Dairy, Eggs & Fridge"},
{"title": "Coles English Sliced Ham | 100g", "price": "$2.30", "price_calculation": "$23.00 per 1kg", "category": "Deli"},
{"title": "Great Ocean Road Fresh Full Cream Milk | 2L", "price": "$4.70", "price_calculation": "$2.35 per 1L", "category": "Dairy, Eggs & Fridge"},
{"title": "Primo Spanish Style Chorizos | 1 each", "price": "$3.80", "price_calculation": "$3.80 per 1ea", "category": "Deli"},
{"title": "Pace Farm Free Range Natural Living Extra Large Eggs 12 pack | 700g", "price": "$7.15", "price_calculation": "$1.02 per 100g", "category": "Dairy, Eggs & Fridge"},
{"title": "Primo Short Cut Bacon | 1 kg", "price": "$18.90", "price_calculation": "$18.90 per 1kg", "category": "Deli"},
{"title": "Pura Light Start Low Fat Multi Nutrient Milk | 2L", "price": "$4.50", "price_calculation": "$2.25 per 1L", "category": "Dairy, Eggs & Fridge"},
{"title": "Coles Deli Thawed Raw Whole Gulf Squid | approx 250g", "price": "$5.25", "price_calculation": "$21.00 per 1kg", "category": "Deli"},
{"title": "Coles Australian Lite Long Life Milk | 1L", "price": "$1.60", "price_calculation": "$1.60 per 1L", "category": "Dairy, Eggs & Fridge"},
{"title": "Don Leg Shaved Ham | 200g", "price": "$3.20", "price_calculation": "$16.00 per 1kg", "category": "Deli"},
{"title": "Farmers Union Greek Style Strawberry Yoghurt Pouch | 130g", "price": "$1.20", "price_calculation": "$0.92 per 100g", "category": "Dairy, Eggs & Fridge"},
{"title": "Primo Red Gum Honey Leg Ham | approx 100g", "price": "$3.00", "price_calculation": "$30.00 per 1kg", "category": "Deli"},
{"title": "Josh's Rainbow Free Range Eggs 12 Pack | 700g", "price": "$7.90", "price_calculation": "$1.13 per 100g", "category": "Dairy, Eggs & Fridge"},
{"title": "Sunny Queen Free Range Extra Large Eggs 12 pack | 700g", "price": "$7.20", "price_calculation": "$1.03 per 100g", "category": "Dairy, Eggs & Fridge"},
{"title": "Coles Tasty Cheese Slices 24 Pack | 500g", "price": "$8.60", "price_calculation": "$17.20 per 1kg", "category": "Dairy, Eggs & Fridge"},
{"title": "Sanitarium So Good Long Life Regular Soy Milk | 1L", "price": "$2.20", "price_calculation": "$2.20 per 1L", "category": "Dairy, Eggs & Fridge"},
{"title": "Bulla Thickened Cream | 300mL", "price": "$3.50", "price_calculation": "$1.17 per 100mL", "category": "Dairy, Eggs & Fridge"},
{"title": "Coles Mozzarella Shredded Cheese | 700g", "price": "$11.00", "price_calculation": "$15.71 per 1kg", "category": "Dairy, Eggs & Fridge"},
{"title": "Coles Australian Skim Long Life Milk | 1L", "price": "$1.60", "price_calculation": "$1.60 per 1L", "category": "Dairy, Eggs & Fridge"},
{"title": "Sunbites Multipack Crackers Mix 12 Pack | 288g", "price": "$5.50", "price_calculation": "$1.91 per 100g", "category": "Pantry"},
{"title": "Nestle KitKat Milk Chocolate Block | 170g", "price": "$2.75", "price_calculation": "$1.62 per 100g", "category": "Pantry"},
{"title": "Nestle Aero Peppermint Chocolate Block | 118g", "price": "$2.75", "price_calculation": "$2.33 per 100g", "category": "Pantry"},
{"title": "Nestle Crunch Chocolate Block | 200g", "price": "$2.75", "price_calculation": "$1.38 per 100g", "category": "Pantry"},
{"title": "Kellogg's Nutri-Grain Protein Breakfast Cereal | 765g", "price": "$7.50", "price_calculation": "$0.98 per 100g", "category": "Pantry"},
{"title": "Maggi 2 Minute Chicken Flavour Noodles 5 Pack | 360g", "price": "$5.00", "price_calculation": "$1.39 per 100g", "category": "Pantry"},
{"title": "Pringles Sour Cream & Onion Potato Chips | 134g", "price": "$2.50", "price_calculation": "$1.87 per 100g", "category": "Pantry"},
{"title": "Pringles Original Salted Stacked Potato Chips | 134g", "price": "$2.50", "price_calculation": "$1.87 per 100g", "category": "Pantry"},
{"title": "Coles Italian Diced Tomatoes | 400g", "price": "$1.10", "price_calculation": "$2.75 per 1kg", "category": "Pantry"},
{"title": "Grainwaves Sour Cream & Chives Wholegrain Chips | 170g", "price": "$2.40", "price_calculation": "$1.41 per 100g", "category": "Pantry"},
{"title": "Arnott's Original Savoy Crackers | 225g", "price": "$3.00", "price_calculation": "$1.33 per 100g", "category": "Pantry"},
{"title": "Sanitarium Weet-Bix Breakfast Cereal | 1.2kg", "price": "$6.00", "price_calculation": "$0.50 per 100g", "category": "Pantry"},
{"title": "Kettle Chilli Potato Chips | 165 gram", "price": "$3.00", "price_calculation": "$1.82 per 100g", "category": "Pantry"},
{"title": "Nestle KitKat Milk Chocolate Bar | 45g", "price": "$2.20", "price_calculation": "$4.89 per 100g", "category": "Pantry"},
{"title": "Indomie Fried Mi Goreng Instant Noodles 5 Pack  | 85g", "price": "$3.95", "price_calculation": "$0.93 per 100g", "category": "Pantry"},
{"title": "Arnott's Shapes Original BBQ Cracker Biscuits | 175g", "price": "$2.75", "price_calculation": "$1.57 per 100g", "category": "Pantry"},
{"title": "Pringles BBQ Stacked Potato Chips | 134g", "price": "$2.50", "price_calculation": "$1.87 per 100g", "category": "Pantry"},
{"title": "Doritos Corn Chips Supreme Cheese Share Pack | 170g", "price": "$3.35", "price_calculation": "$1.97 per 100g", "category": "Pantry"},
{"title": "Coles Ultimate Cookies 40% Chocolate Chip | 400g", "price": "$4.00", "price_calculation": "$1.00 per 100g", "category": "Pantry"},
{"title": "Snickers Chocolate Bar Peanuts Caramel Nougat | 44g", "price": "$2.00", "price_calculation": "$4.55 per 100g", "category": "Pantry"},
{"title": "Maltesers Milk Chocolate Snack & Share Bag | 140g", "price": "$2.50", "price_calculation": "$1.79 per 100g", "category": "Pantry"},
{"title": "Kettle Sea Salt Potato Chips | 165g", "price": "$3.00", "price_calculation": "$1.82 per 100g", "category": "Pantry"},
{"title": "Twisties Cheese | 90g", "price": "$2.70", "price_calculation": "$3.00 per 100g", "category": "Pantry"},
{"title": "Kettle Honey Soy Chicken Potato Chips | 165g", "price": "$3.00", "price_calculation": "$1.82 per 100g", "category": "Pantry"},
{"title": "Mars Chocolate Bar with Nougat & Caramel | 47g", "price": "$2.00", "price_calculation": "$4.26 per 100g", "category": "Pantry"},
{"title": "Coles White Plain Flour | 1Kg", "price": "$1.25", "price_calculation": "$1.25 per 1kg", "category": "Pantry"},
{"title": "Kettle Sea Salt & Vinegar Potato Chips | 165g", "price": "$3.00", "price_calculation": "$1.82 per 100g", "category": "Pantry"},
{"title": "Arnott's Salada Original Crispbread | 250g", "price": "$3.00", "price_calculation": "$1.20 per 100g", "category": "Pantry"},
{"title": "Campbell's Real Stock Chicken Stock Salt Reduced | 1L", "price": "$2.25", "price_calculation": "$0.23 per 100mL", "category": "Pantry"},
{"title": "Coles Italian Passata Sauce | 700g", "price": "$1.55", "price_calculation": "$0.22 per 100g", "category": "Pantry"},
{"title": "Coles White Sugar | 2kg", "price": "$2.20", "price_calculation": "$0.11 per 100g", "category": "Pantry"},
{"title": "Oreo Original Cookies | 133g", "price": "$1.75", "price_calculation": "$1.32 per 100g", "category": "Pantry"},
{"title": "Red Rock Deli Potato Chips Sweet Chilli And Sour Cream | 165g", "price": "$6.30", "price_calculation": "$3.82 per 100g", "category": "Pantry"},
{"title": "Kinder Bueno Chocolate Bar | 43g", "price": "$1.00", "price_calculation": "$2.33 per 100g", "category": "Pantry"},
{"title": "Coles Chick Peas | 420g", "price": "$1.00", "price_calculation": "$2.38 per 1kg", "category": "Pantry"},
{"title": "Kettle Sweet Chilli & Sour Cream Potato Chips | 165 gram", "price": "$3.00", "price_calculation": "$1.82 per 100g", "category": "Pantry"},
{"title": "Arnott's Scotch Finger Biscuits | 250g", "price": "$3.30", "price_calculation": "$1.32 per 100g", "category": "Pantry"},
{"title": "Ritz Original Crackers | 227g", "price": "$2.80", "price_calculation": "$1.23 per 100g", "category": "Pantry"},
{"title": "Quilton 3 Ply White Toilet Paper | 20 pack", "price": "$11.00", "price_calculation": "$0.31 per 100ea", "category": "Household"},
{"title": "Finish Ultimate Pro Dishwashing Tablets Lemon | 46 pack", "price": "$27.00", "price_calculation": "$0.59 per 1ea", "category": "Household"},
{"title": "McCain Frozen Hash Browns | 750g", "price": "$4.50", "price_calculation": "$6.00 per 1kg", "category": "Frozen"},
{"title": "Finish Regular Rinse Aid For Drier & Shinier Dishes | 250mL", "price": "$4.00", "price_calculation": "$1.60 per 100mL", "category": "Household"},
{"title": "Gym Bod Cookies And Cream | 475mL", "price": "$9.00", "price_calculation": "$1.89 per 100mL", "category": "Frozen"},
{"title": "Surf Tropical Laundry Capsules | 50 pack", "price": "$16.50", "price_calculation": "$0.33 per 1ea", "category": "Household"},
{"title": "Gym Bod Peanut Butter Salted Caramel | 475mL", "price": "$9.00", "price_calculation": "$1.89 per 100mL", "category": "Frozen"},
{"title": "Radiant Mixed Colours Laundry Liquid Washing Detergent | 2L", "price": "$10.00", "price_calculation": "$5.00 per 1L", "category": "Household"},
{"title": "Gym Bod Chocolate Pudding | 475mL", "price": "$9.00", "price_calculation": "$1.89 per 100mL", "category": "Frozen"},
{"title": "Dettol Healthy Clean Antibacterial & Disinfectant Kitchen Surface Spray | 500mL", "price": "$4.00", "price_calculation": "$0.80 per 100mL", "category": "Household"},
{"title": "Streets Blue Ribbon Vanilla Ice Cream Tub | 2L", "price": "$7.00", "price_calculation": "$0.35 per 100mL", "category": "Frozen"},
{"title": "Dettol Healthy Clean Antibacterial Bathroom Cleaner Trigger Spray | 500mL", "price": "$4.00", "price_calculation": "$0.80 per 100mL", "category": "Household"},
{"title": "Streets Magnum Luxe Caramel Ego Ice Cream 4 Pack | 388mL", "price": "$11.50", "price_calculation": "$2.96 per 100mL", "category": "Frozen"},
{"title": "Dettol Multi Purpose Cleaner Crisp Apple Burst | 750mL", "price": "$7.00", "price_calculation": "$0.93 per 100mL", "category": "Household"},
{"title": "Streets Golden Gaytime Ice Cream Sticks 4 pack | 400mL", "price": "$10.00", "price_calculation": "$2.50 per 100mL", "category": "Frozen"},
{"title": "Easy Off Drain Cleaner Turbo Gel | 1L", "price": "$14.00", "price_calculation": "$1.40 per 100mL", "category": "Household"},
{"title": "Mars Chocolate Smooth Creamy Ice Bar 6 Pack | 295mL", "price": "$9.00", "price_calculation": "$3.05 per 100mL", "category": "Frozen"},
{"title": "Morning Fresh Strawberry And Guava Dishwashing Liquid | 400mL", "price": "$2.75", "price_calculation": "$0.69 per 100mL", "category": "Household"},
{"title": "Snickers Creamy Ice Bar 6 Pack | 300mL", "price": "$9.00", "price_calculation": "$3.00 per 100mL", "category": "Frozen"},
{"title": "Air Wick Essential Oil Sea Mist & Blue Minerals Plug-In Starter Kit | 19mL", "price": "$9.80", "price_calculation": "$5.16 per 10mL", "category": "Household"},
{"title": "McCain Pub Style Extra Crispy Fries | 750g", "price": "$4.80", "price_calculation": "$6.40 per 1kg", "category": "Frozen"},
{"title": "Coles Facial Tissues White | 224 pack", "price": "$1.70", "price_calculation": "$0.76 per 100ea", "category": "Household"},
{"title": "Birds Eye Southern Blue Whiting Fillets | 1kg", "price": "$16.50", "price_calculation": "$16.50 per 1kg", "category": "Frozen"},
{"title": "Pine O Cleen Disinfectant Wipes Lemon | 110 pack", "price": "$12.00", "price_calculation": "$10.91 per 100ea", "category": "Household"},
{"title": "Coles Frozen Potato Chips Straight Cut | 1kg", "price": "$3.70", "price_calculation": "$3.70 per 1kg", "category": "Frozen"},
{"title": "Handee Ultra White Paper Towels | 2 pack", "price": "$3.85", "price_calculation": "$3.21 per 100ea", "category": "Household"},
{"title": "Coles Frozen Potato Chips French Fries | 1kg", "price": "$3.70", "price_calculation": "$3.70 per 1kg", "category": "Frozen"},
{"title": "Coles 2 Ply Paper Towels | 2 pack", "price": "$1.90", "price_calculation": "$1.19 per 100ea", "category": "Household"},
{"title": "Coles Frozen Fruit Mixed Berries | 500g", "price": "$6.20", "price_calculation": "$12.40 per 1kg", "category": "Frozen"},
{"title": "Sorbent Toilet Tissue Silky White | 32 pack", "price": "$10.00", "price_calculation": "$0.31 per 1ea", "category": "Household"},
{"title": "Pampas Frozen Puff Pastry Sheets 6 pieces | 1kg", "price": "$5.20", "price_calculation": "$0.52 per 100g", "category": "Frozen"},
{"title": "Kleenex Everyday 2 Ply Facial Tissues | 200 pack", "price": "$3.00", "price_calculation": "$1.50 per 100ea", "category": "Household"},
{"title": "Coles Frozen Potato Royals Oven Fry | 1kg", "price": "$4.90", "price_calculation": "$4.90 per 1kg", "category": "Frozen"},
{"title": "Coles Ultra Paper Towel 3 Ply | 3 pack", "price": "$3.20", "price_calculation": "$1.78 per 100ea", "category": "Household"},
{"title": "Coles Frozen Carrots Corn & Peas | 1kg", "price": "$4.50", "price_calculation": "$4.50 per 1kg", "category": "Frozen"},
{"title": "Coles White Serviettes | 100 Pack", "price": "$0.95", "price_calculation": "$0.95 per 100ea", "category": "Household"},
{"title": "Coles Frozen Australian Peas | 1kg", "price": "$3.80", "price_calculation": "$3.80 per 1kg", "category": "Frozen"},
{"title": "Kleenex Complete Clean Toilet Paper | 32 pack", "price": "$18.00", "price_calculation": "$0.31 per 100ea", "category": "Household"},
{"title": "I&J Raw Prawns Tail Off | 500g", "price": "$24.00", "price_calculation": "$48.00 per 1kg", "category": "Frozen"},
{"title": "Kleenex Aloe Vera & Vitamin E 3 Ply Facial Tissues | 95 pack", "price": "$2.60", "price_calculation": "$0.03 per 1ea", "category": "Household"},
{"title": "Coles Frozen Potato Chips Crinkle Cut | 1kg", "price": "$3.70", "price_calculation": "$3.70 per 1kg", "category": "Frozen"},
{"title": "Morning Fresh Lemon Dishwashing Liquid | 900mL", "price": "$9.50", "price_calculation": "$1.06 per 100mL", "category": "Household"},
{"title": "Natures Nutrients Frozen Chopped Spinach | 250g", "price": "$1.00", "price_calculation": "$4.00 per 1kg", "category": "Frozen"},
{"title": "Coles Kitchen Tidy Lavender Large | 25 pack", "price": "$2.50", "price_calculation": "$0.10 per 1ea", "category": "Household"},
{"title": "Coles Frozen Fruit Blueberries | 500g", "price": "$6.20", "price_calculation": "$12.40 per 1kg", "category": "Frozen"},
{"title": "Handee Ultra White Double Length Paper Towels | 2 pack", "price": "$5.00", "price_calculation": "$2.08 per 100ea", "category": "Household"},
{"title": "Coles Frozen Peas | 1kg", "price": "$2.70", "price_calculation": "$2.70 per 1kg", "category": "Frozen"},
{"title": "Quilton Classic White Facial Tissues | 110 pack", "price": "$2.50", "price_calculation": "$2.27 per 100ea", "category": "Household"},
{"title": "Coles Frozen Broccoli Florets | 500g", "price": "$3.80", "price_calculation": "$7.60 per 1kg", "category": "Frozen"},
{"title": "Kleenex Aloe Vera & Vitamin E 3 Ply Facial Tissues | 140 pack", "price": "$4.50", "price_calculation": "$3.21 per 100ea", "category": "Household"},
{"title": "Coles Frozen Cut Beans | 1kg", "price": "$3.70", "price_calculation": "$3.70 per 1kg", "category": "Frozen"},
{"title": "MasterChef Kitchen Utensils | 2 pack", "price": "$20.00", "price_calculation": "$10.00 per 1ea", "category": "Household"},
{"title": "Coles Frozen Corn Kernels | 1kg", "price": "$4.50", "price_calculation": "$4.50 per 1kg", "category": "Frozen"},
{"title": "MasterChef 26cm Non-stick Frypan | 1 each", "price": "$70.00", "price_calculation": "$70.00 per 1ea", "category": "Household"},
{"title": "Coles Beer Battered Steakhouse Chips | 750g", "price": "$4.20", "price_calculation": "$5.60 per 1kg", "category": "Frozen"},
{"title": "Morning Fresh Raspberry & Crisp Apple Dishwashing Liquid | 900mL", "price": "$9.50", "price_calculation": "$1.06 per 100mL", "category": "Household"},
{"title": "Coles Frozen Baby Peas | 500g", "price": "$3.00", "price_calculation": "$6.00 per 1kg", "category": "Frozen"},
{"title": "MasterChef 20cm Non-stick Frypan | 1 each", "price": "$50.00", "price_calculation": "$50.00 per 1ea", "category": "Household"},
{"title": "Coles Frozen Australian Potato Chunky Wedges | 750g", "price": "$4.20", "price_calculation": "$5.60 per 1kg", "category": "Frozen"},
{"title": "Quilton 3 Ply Floral Print Soft Double Length Toilet Paper | 9 pack", "price": "$13.50", "price_calculation": "$0.42 per 100ea", "category": "Household"},
{"title": "Coles Frozen Fruit Raspberries | 500g", "price": "$7.00", "price_calculation": "$14.00 per 1kg", "category": "Frozen"},
{"title": "Fight MND 2023 Beanie | 1 each", "price": "$25.00", "price_calculation": "$25.00 per 1ea", "category": "Household"},
{"title": "I&J Raw Prawns Tail On | 500g", "price": "$24.00", "price_calculation": "$48.00 per 1kg", "category": "Frozen"},
{"title": "Earth Choice Dishwashing Liquid | 1L", "price": "$2.35", "price_calculation": "$0.24 per 100mL", "category": "Household"},
{"title": "Birds Eye Golden Crunch Potato Gems | 900g", "price": "$6.50", "price_calculation": "$7.22 per 1kg", "category": "Frozen"},
{"title": "Coles Kitchen Tidy Lavender Medium | 30 pack", "price": "$2.50", "price_calculation": "$0.08 per 1ea", "category": "Household"},
{"title": "Coles Snap Frozen Vegetable Mix | 1kg", "price": "$4.50", "price_calculation": "$4.50 per 1kg", "category": "Frozen"},
{"title": "Handee Ultra White Paper Towels | 4 pack", "price": "$6.00", "price_calculation": "$2.50 per 100ea", "category": "Household"},
{"title": "Coles Frozen Fruit Sliced Strawberries | 500g", "price": "$6.20", "price_calculation": "$12.40 per 1kg", "category": "Frozen"},
{"title": "Quilton 4 Ply White Gold Toilet Paper | 6 pack", "price": "$5.80", "price_calculation": "$0.69 per 100ea", "category": "Household"},
{"title": "Hersheys Milk Chocolate Ice Cream | 1L", "price": "$9.00", "price_calculation": "$0.90 per 100mL", "category": "Frozen"},
{"title": "Coles Compost Tidy Bag Small | 25 pack", "price": "$3.30", "price_calculation": "$0.13 per 1ea", "category": "Household"},
{"title": "I&J Raw Prawns Extra Large Tail On | 500g", "price": "$27.00", "price_calculation": "$54.00 per 1kg", "category": "Frozen"},
{"title": "Coles Extra Tough Garbage Bags | 20 pack", "price": "$3.80", "price_calculation": "$0.19 per 1ea", "category": "Household"},
{"title": "Nanna's Frozen Golden & Crispy Snack Apple Pies | 450g", "price": "$4.00", "price_calculation": "$0.89 per 100g", "category": "Frozen"},
{"title": "Viva Double Length Paper Towels | 3 pack", "price": "$9.00", "price_calculation": "$2.50 per 100ea", "category": "Household"},
{"title": "Birds Eye Frozen Fish Fillets With Original  Crumb Oven Bake 6 pack | 425g", "price": "$5.25", "price_calculation": "$12.35 per 1kg", "category": "Frozen"},
{"title": "Coles So Soft & Strong 3 Ply Toilet Tissue Double Length | 4 pack", "price": "$4.60", "price_calculation": "$0.32 per 100ea", "category": "Household"},
{"title": "Peters Drumstick Minis Vanilla Ice Cream 6 pack | 490mL", "price": "$9.50", "price_calculation": "$1.94 per 100mL", "category": "Frozen"},
{"title": "Coles Kitchen Tidy Bag Lavender Small | 40 pack", "price": "$2.50", "price_calculation": "$0.06 per 1ea", "category": "Household"},
{"title": "Coles Frozen Chicken Breast Nuggets  | 400g", "price": "$4.40", "price_calculation": "$11.00 per 1kg", "category": "Frozen"},
{"title": "Coles Ultra Antibacterial Multipurpose Wipes Lemon | 100 pack", "price": "$4.00", "price_calculation": "$4.00 per 100ea", "category": "Household"},
{"title": "Marathon Frozen Dim Sims | 1.5kg", "price": "$9.50", "price_calculation": "$0.63 per 100g", "category": "Frozen"},
{"title": "Coles So Soft 2 Ply Toilet Tissue | 18 pack", "price": "$9.00", "price_calculation": "$0.19 per 100ea", "category": "Household"},
{"title": "Coles Frozen Peas | 500g", "price": "$2.50", "price_calculation": "$5.00 per 1kg", "category": "Frozen"},
{"title": "MasterChef 18cm Saucepan with Glass Lid 2L | 1 each", "price": "$60.00", "price_calculation": "$60.00 per 1ea", "category": "Household"},
{"title": "Coles Frozen Onions Chopped | 500g", "price": "$2.70", "price_calculation": "$5.40 per 1kg", "category": "Frozen"},
{"title": "Sorbent Hypo Allergenic Toilet Tissue | 12 pack", "price": "$8.50", "price_calculation": "$0.39 per 100ea", "category": "Household"},
{"title": "Creative Gourmet Frozen Blueberries | 300g", "price": "$5.65", "price_calculation": "$18.83 per 1kg", "category": "Frozen"},
{"title": "Coles Kitchen Tidy Lemon Medium | 30 pack", "price": "$2.50", "price_calculation": "$0.08 per 1ea", "category": "Household"},
{"title": "Coles Vegetable Spring Rolls 16 Pack | 270g", "price": "$1.85", "price_calculation": "$0.69 per 100g", "category": "Frozen"},
{"title": "Coles So Soft & Strong Facial Tissues Aloe Vera | 95 pack", "price": "$2.00", "price_calculation": "$2.11 per 100ea", "category": "Household"},
{"title": "Steggles Frozen Tempura Chicken Breast Nuggets | 400g", "price": "$4.95", "price_calculation": "$12.38 per 1kg", "category": "Frozen"},
{"title": "Coles Ultra Double Length Paper Towel | 3 pack", "price": "$5.50", "price_calculation": "$1.53 per 100ea", "category": "Household"},
{"title": "Peters Drumstick Vanilla Ice Cream 4 pack | 475mL", "price": "$9.50", "price_calculation": "$2.00 per 100mL", "category": "Frozen"},
{"title": "Quilton 3 Ply Unscented White Toilet Paper | 12 pack", "price": "$8.50", "price_calculation": "$0.39 per 100ea", "category": "Household"},
{"title": "Birds Eye Frozen Fish Fillets With Original Lightly Battered Oven Bake 6 Pack | 425g", "price": "$5.25", "price_calculation": "$12.35 per 1kg", "category": "Frozen"},
{"title": "Sorbent Facial Tissues Everyday | 150 pack", "price": "$1.90", "price_calculation": "$1.27 per 100ea", "category": "Household"},
{"title": "Coles Frozen Sweet Potato Chips | 750g", "price": "$6.00", "price_calculation": "$8.00 per 1kg", "category": "Frozen"},
{"title": "Quilton 3 Ply Double Length White Toilet Paper | 4 pack", "price": "$6.00", "price_calculation": "$0.42 per 100ea", "category": "Household"},
{"title": "Hershey's Chocolate Caramel | 1L", "price": "$9.00", "price_calculation": "$0.90 per 100mL", "category": "Frozen"},
{"title": "MasterChef 24cm Casserole Pan with Glass Lid 4.2L | 1 each", "price": "$80.00", "price_calculation": "$80.00 per 1ea", "category": "Household"},
{"title": "Birds Eye Deli Sea Salt & Rosemary Seasoned Chips | 600g", "price": "$6.00", "price_calculation": "$10.00 per 1kg", "category": "Frozen"},
{"title": "Coles Dishwashing Liquid Lemon | 1L", "price": "$1.50", "price_calculation": "$0.15 per 100mL", "category": "Household"},
{"title": "Four'N Twenty Frozen Meat Pies 4 Pack | 700g", "price": "$8.50", "price_calculation": "$1.21 per 100g", "category": "Frozen"},
{"title": "Morning Fresh Lime Dishwashing Liquid | 900mL", "price": "$9.50", "price_calculation": "$1.06 per 100mL", "category": "Household"},
{"title": "Coles Vegetable Cocktail Spring Rolls 60 Pack | 1kg", "price": "$6.60", "price_calculation": "$0.66 per 100g", "category": "Frozen"},
{"title": "Coles Facial Tissues White | 90 pack", "price": "$1.15", "price_calculation": "$1.28 per 100ea", "category": "Household"},
{"title": "Ben & Jerry's Chocolate Chip Cookie Dough Ice Cream Tub | 458mL", "price": "$7.25", "price_calculation": "$1.58 per 100mL", "category": "Frozen"},
{"title": "U by Kotex Designer Series Pads Regular With Wings | 22 pack", "price": "$4.20", "price_calculation": "$0.19 per 1ea", "category": "Health & Beauty"},
{"title": "Maybelline 4-in-1 Instant Perfector Glow Fair | 20mL", "price": "$24.50", "price_calculation": "$122.50 per 100mL", "category": "Health & Beauty"},
{"title": "Nurofen Zavance Fast Pain Relief Liquid Capsules 200mg Ibuprofen | 24 pack", "price": "$5.40", "price_calculation": "$0.23 per 1ea", "category": "Health & Beauty"},
{"title": "Oral B Pro 800 Cross Action Electric Toothbrush | 1 pack", "price": "$50.00", "price_calculation": "$50.00 per 1ea", "category": "Health & Beauty"},
{"title": "Oral B D103 Pro 300 Electric Toothbrush Black | 1 pack", "price": "$45.00", "price_calculation": "$45.00 per 1ea", "category": "Health & Beauty"},
{"title": "Salts & Co Pure Epsom Bath Salts | 1kg", "price": "$4.50", "price_calculation": "$0.45 per 100g", "category": "Health & Beauty"},
{"title": "Colgate Total Advanced Whitening Toothpaste | 115g", "price": "$6.50", "price_calculation": "$5.65 per 100g", "category": "Health & Beauty"},
{"title": "Elastoplast Strips Kids Sensitive | 20 pack", "price": "$3.70", "price_calculation": "$0.19 per 1ea", "category": "Health & Beauty"},
{"title": "Oral-B Dental Floss Waxed Mint 50m | 1 each", "price": "$2.00", "price_calculation": "$2.00 per 1ea", "category": "Health & Beauty"},
{"title": "Libra Goodnights Extra Long With Wings Pads | 10 pack", "price": "$5.00", "price_calculation": "$0.50 per 1ea", "category": "Health & Beauty"},
{"title": "Caredent Eeziflossers Eco Plus 30 Pack | 30 pack", "price": "$2.97", "price_calculation": "$0.10 per 1ea", "category": "Health & Beauty"},
{"title": "U by Kotex Sport Ultrathin Pads Super With Wings | 10 pack", "price": "$2.80", "price_calculation": "$0.28 per 1ea", "category": "Health & Beauty"},
{"title": "U by Kotex Designer Series Liners | 30 pack", "price": "$2.10", "price_calculation": "$0.07 per 1ea", "category": "Health & Beauty"},
{"title": "Coles Cotton Make-Up Pads Round | 80 pack", "price": "$1.50", "price_calculation": "$1.88 per 100ea", "category": "Health & Beauty"},
{"title": "Colgate Max Fresh Coolmint Toothpaste | 200g", "price": "$5.00", "price_calculation": "$2.50 per 100g", "category": "Health & Beauty"},
{"title": "Colgate Total Advanced Clean Toothpaste | 115g", "price": "$6.50", "price_calculation": "$5.65 per 100g", "category": "Health & Beauty"},
{"title": "Panadol Rapid Caplets for Pain Relief Paracetamol 500mg | 20 pack", "price": "$6.00", "price_calculation": "$0.30 per 1ea", "category": "Health & Beauty"},
{"title": "Colgate Advanced Whitening & Tartar Toothpaste  | 200g", "price": "$5.00", "price_calculation": "$2.50 per 100g", "category": "Health & Beauty"},
{"title": "Colgate Advanced Whitening & Tartar Toothpaste | 115g", "price": "$6.50", "price_calculation": "$5.65 per 100g", "category": "Health & Beauty"},
{"title": "U by Kotex Sport Ultrathin Pads Regular With Wings | 12 pack", "price": "$2.80", "price_calculation": "$0.23 per 1ea", "category": "Health & Beauty"},
{"title": "Coles Paracetamol Caplets | 20 pack", "price": "$0.80", "price_calculation": "$0.04 per 1ea", "category": "Health & Beauty"},
{"title": "Colgate Advanced Whitening Charcoal Toothpaste | 180g", "price": "$5.00", "price_calculation": "$2.78 per 100g", "category": "Health & Beauty"},
{"title": "Coles Cotton Wool Tips Paper Stem | 400 pack", "price": "$4.00", "price_calculation": "$1.00 per 100ea", "category": "Health & Beauty"},
{"title": "Colgate Total Advanced Fresh Toothpaste | 115g", "price": "$6.50", "price_calculation": "$5.65 per 100g", "category": "Health & Beauty"},
{"title": "Colgate Max Fresh Coolmint Toothpaste | 115g", "price": "$6.50", "price_calculation": "$5.65 per 100g", "category": "Health & Beauty"},
{"title": "Panadol Mini Caps for Pain Relief Paracetamol 500mg | 20 pack", "price": "$5.15", "price_calculation": "$0.26 per 1ea", "category": "Health & Beauty"},
{"title": "Coles Antibacterial Hand Wash Lime Fresh | 1L", "price": "$3.00", "price_calculation": "$0.30 per 100mL", "category": "Health & Beauty"},
{"title": "Coles Rapid Tablets Ibuprofen | 24pack", "price": "$4.50", "price_calculation": "$0.19 per 1ea", "category": "Health & Beauty"},
{"title": "Colgate 360 Degree Value Pack Soft Toothbrush | 2 pack", "price": "$4.00", "price_calculation": "$2.00 per 1ea", "category": "Health & Beauty"},
{"title": "U By Kotex Extra Overnight Pads With Wings | 10 pack", "price": "$5.00", "price_calculation": "$0.50 per 1ea", "category": "Health & Beauty"},
{"title": "Coles Biodegradable Sensitive 3 In 1 Facial Cleansing Wipes | 30 pack", "price": "$1.80", "price_calculation": "$0.06 per 1ea", "category": "Health & Beauty"},
{"title": "Coles Cotton Wool Tips Paper Stem | 200 pack", "price": "$3.00", "price_calculation": "$1.50 per 100ea", "category": "Health & Beauty"},
{"title": "Colgate Plax Fresh Mint Mouthwash | 500mL", "price": "$3.50", "price_calculation": "$0.70 per 100mL", "category": "Health & Beauty"},
{"title": "Libra Extra Super With Wings Pads | 12 pack", "price": "$5.00", "price_calculation": "$0.42 per 1ea", "category": "Health & Beauty"},
{"title": "Colgate Kids Mild Mint Minions Toothpaste | 90g", "price": "$2.10", "price_calculation": "$2.33 per 100g", "category": "Health & Beauty"},
{"title": "Colgate 360 Degree Value Pack Medium Toothbrush | 2 pack", "price": "$4.00", "price_calculation": "$2.00 per 1ea", "category": "Health & Beauty"},
{"title": "Dove Glowing Mango Body wash | 1L", "price": "$17.00", "price_calculation": "$1.70 per 100mL", "category": "Health & Beauty"},
{"title": "U by Kotex Sport Liners | 30 pack", "price": "$2.10", "price_calculation": "$0.07 per 1ea", "category": "Health & Beauty"},
{"title": "Colgate Great Regular Flavour Toothpaste | 180g", "price": "$3.50", "price_calculation": "$1.94 per 100g", "category": "Health & Beauty"},
{"title": "Dove Nourishing Body Wash Fresh Touch | 1L", "price": "$17.00", "price_calculation": "$1.70 per 100mL", "category": "Health & Beauty"},
{"title": "Coles Shower Puff | 1 each", "price": "$2.50", "price_calculation": "$2.50 per 1ea", "category": "Health & Beauty"},
{"title": "Dove Beauty Bar Regular | 2 pack", "price": "$2.94", "price_calculation": "$1.47 per 1ea", "category": "Health & Beauty"},
{"title": "Colgate Advanced Whitening Toothpaste  | 200g", "price": "$5.00", "price_calculation": "$2.50 per 100g", "category": "Health & Beauty"},
{"title": "Colgate Plax Fresh Mint Mouth Wash | 1L", "price": "$12.00", "price_calculation": "$1.20 per 100mL", "category": "Health & Beauty"},
{"title": "Colgate Advanced Whitening Toothpaste | 115g", "price": "$6.50", "price_calculation": "$5.65 per 100g", "category": "Health & Beauty"},
{"title": "Coles Dental Flossers | 30 pack", "price": "$1.20", "price_calculation": "$0.04 per 1ea", "category": "Health & Beauty"},
{"title": "Panadol Paracetamol Pain Relief Tablets | 20 pack", "price": "$4.50", "price_calculation": "$0.23 per 1ea", "category": "Health & Beauty"},
{"title": "Nurofen Zavance Fast Pain Relief 200mg Ibuprofen Liquid Capsules | 20 pack", "price": "$7.50", "price_calculation": "$0.38 per 1ea", "category": "Health & Beauty"},
{"title": "Panadol Optizorb Paracetamol Tablets | 20 pack", "price": "$4.00", "price_calculation": "$0.20 per 1ea", "category": "Health & Beauty"},
{"title": "Colgate Sensitive Pro Relief Multiprotection Toothpaste | 110g", "price": "$5.50", "price_calculation": "$5.00 per 100g", "category": "Health & Beauty"},
{"title": "Palmolive Anti-Stress Shower Gel | 1L", "price": "$6.00", "price_calculation": "$0.60 per 100mL", "category": "Health & Beauty"},
{"title": "Dove Nourishing Secrets Restoring Coconut Body Wash | 1L", "price": "$17.00", "price_calculation": "$1.70 per 100mL", "category": "Health & Beauty"},
{"title": "Coles Bath Soap With Aloe Vera | 8 pack", "price": "$2.30", "price_calculation": "$0.29 per 1g", "category": "Health & Beauty"},
{"title": "Panadol Optizorb Paracetamol Caplets | 20 pack", "price": "$4.00", "price_calculation": "$0.20 per 1ea", "category": "Health & Beauty"},
{"title": "U by Kotex Extra Overnight Pads Long With Wings | 8 pack", "price": "$5.00", "price_calculation": "$0.63 per 1ea", "category": "Health & Beauty"},
{"title": "Sensodyne Sensitive Teeth Pain Daily Care + Whitening Toothpaste | 110g", "price": "$9.70", "price_calculation": "$8.82 per 100g", "category": "Health & Beauty"},
{"title": "Kettle Chilli Potato Chips | 165 gram", "price": "$3.00", "price_calculation": "$1.82 per 100g", "category": "Bonus Cookware Credits"},
{"title": "Finish Ultimate Pro Dishwashing Tablets Lemon | 46 pack", "price": "$27.00", "price_calculation": "$0.59 per 1ea", "category": "Bonus Cookware Credits"},
{"title": "Finish Regular Rinse Aid For Drier & Shinier Dishes | 250mL", "price": "$4.00", "price_calculation": "$1.60 per 100mL", "category": "Bonus Cookware Credits"},
{"title": "Continental Macaroni Cheese Pasta & Sauce Serves 3 | 105g", "price": "$2.80", "price_calculation": "$2.67 per 100g", "category": "Bonus Cookware Credits"},
{"title": "Continental Oriental Fried Rice | 115g", "price": "$2.80", "price_calculation": "$2.43 per 100g", "category": "Bonus Cookware Credits"},
{"title": "Continental Pasta & Sauce Creamy Bacon Carbonara | 85g", "price": "$2.80", "price_calculation": "$3.29 per 100g", "category": "Bonus Cookware Credits"},
{"title": "Uncle Tobys Le Snak Dip & Crackers Tasty Cheese Variety Pack | 264g", "price": "$9.00", "price_calculation": "$3.41 per 100g", "category": "Bonus Cookware Credits"},
{"title": "Uncle Toby's Roll Ups Variety Pack 234g | 1 each", "price": "$8.00", "price_calculation": "$3.42 per 100g", "category": "Bonus Cookware Credits"},
{"title": "Maggi 2 Minute Chicken Flavour Noodles 12 Pack | 864g", "price": "$10.00", "price_calculation": "$1.16 per 100g", "category": "Bonus Cookware Credits"},
{"title": "Kettle Sea Salt Potato Chips | 165g", "price": "$3.00", "price_calculation": "$1.82 per 100g", "category": "Bonus Cookware Credits"},
{"title": "Kettle Honey Soy Chicken Potato Chips | 165g", "price": "$3.00", "price_calculation": "$1.82 per 100g", "category": "Bonus Cookware Credits"},
{"title": "Kettle Sea Salt & Vinegar Potato Chips | 165g", "price": "$3.00", "price_calculation": "$1.82 per 100g", "category": "Bonus Cookware Credits"},
{"title": "Kettle Sweet Chilli & Sour Cream Potato Chips | 165 gram", "price": "$3.00", "price_calculation": "$1.82 per 100g", "category": "Bonus Cookware Credits"},
{"title": "Sunrice Medium Grain White Rice | 5kg", "price": "$19.00", "price_calculation": "$0.38 per 100g", "category": "Bonus Cookware Credits"},
{"title": "Bulla Thickened Cream | 300mL", "price": "$3.50", "price_calculation": "$1.17 per 100mL", "category": "Bonus Cookware Credits"},
{"title": "I&J Raw Prawns Tail Off | 500g", "price": "$24.00", "price_calculation": "$48.00 per 1kg", "category": "Bonus Cookware Credits"},
{"title": "Fight MND 2023 Beanie | 1 each", "price": "$25.00", "price_calculation": "$25.00 per 1ea", "category": "Bonus Cookware Credits"},
{"title": "Perfect Italiano Grated Parmesan | 125g", "price": "$3.50", "price_calculation": "$28.00 per 1kg", "category": "Bonus Cookware Credits"},
{"title": "Bulla Light Thickened Cooking Cream | 300mL", "price": "$2.95", "price_calculation": "$0.98 per 100mL", "category": "Bonus Cookware Credits"},
{"title": "Bulla Sour Cream | 200mL", "price": "$3.70", "price_calculation": "$1.85 per 100mL", "category": "Bonus Cookware Credits"},
{"title": "Colgate Max Fresh Coolmint Toothpaste | 200g", "price": "$5.00", "price_calculation": "$2.50 per 100g", "category": "Bonus Cookware Credits"},
{"title": "Perfect Italiano Perfect Pizza Grated Cheese | 450g", "price": "$9.00", "price_calculation": "$20.00 per 1kg", "category": "Bonus Cookware Credits"},
{"title": "Coles Finest Pure Canadian Maple Syrup | 250mL", "price": "$6.60", "price_calculation": "$2.64 per 100mL", "category": "Bonus Cookware Credits"},
{"title": "Uncle Tobys Traditional Porridge Oats | 1kg", "price": "$6.50", "price_calculation": "$0.65 per 100g", "category": "Bonus Cookware Credits"},
{"title": "Colgate Total Advanced Clean Toothpaste | 115g", "price": "$6.50", "price_calculation": "$5.65 per 100g", "category": "Bonus Cookware Credits"},
{"title": "Perfect Italiano Dairy Cheese Extra Sharp Grated Parmesan | 125g", "price": "$3.50", "price_calculation": "$28.00 per 1kg", "category": "Bonus Cookware Credits"},
{"title": "Perfect Italiano Shaved Parmesan | 125g", "price": "$3.50", "price_calculation": "$28.00 per 1kg", "category": "Bonus Cookware Credits"},
{"title": "Uncle Tobys Quick Oats Porridge | 1kg", "price": "$6.50", "price_calculation": "$0.65 per 100g", "category": "Bonus Cookware Credits"},
{"title": "Colgate Advanced Whitening & Tartar Toothpaste | 115g", "price": "$6.50", "price_calculation": "$5.65 per 100g", "category": "Bonus Cookware Credits"},
{"title": "Sunrice Long Grain Brown Rice Cup 2 pack | 250g", "price": "$2.40", "price_calculation": "$0.96 per 100g", "category": "Bonus Cookware Credits"},
{"title": "Tamar Valley Greek Yoghurt | 1kg", "price": "$8.00", "price_calculation": "$0.80 per 100g", "category": "Bonus Cookware Credits"},
{"title": "Bulla Thickened Cream | 600mL", "price": "$6.00", "price_calculation": "$1.00 per 100mL", "category": "Bonus Cookware Credits"},
{"title": "Sanitarium Up&Go Liquid Breakfast Protein Energize Choc Fridge Pack 12X250mL | 3L", "price": "$14.50", "price_calculation": "$4.83 per 1L", "category": "Bonus Cookware Credits"},
{"title": "I&J Raw Prawns Tail On | 500g", "price": "$24.00", "price_calculation": "$48.00 per 1kg", "category": "Bonus Cookware Credits"},
{"title": "Coles Finest By Laurent White Sourdough Rolls | 3 pack", "price": "$3.50", "price_calculation": "$1.17 per 1ea", "category": "Bonus Cookware Credits"},
{"title": "Coles Finest By Laurent White Sourdough Vienna | 1 pack", "price": "$6.50", "price_calculation": "$6.50 per 1ea", "category": "Bonus Cookware Credits"},
{"title": "Golden Circle 100% Apple Juice No Added Sugar Fruit Juice | 2L", "price": "$3.50", "price_calculation": "$1.75 per 1L", "category": "Bonus Cookware Credits"},
{"title": "Primo Short Cut Bacon | 1 kg", "price": "$18.90", "price_calculation": "$18.90 per 1kg", "category": "Bonus Cookware Credits"},
{"title": "Nescafe Blend 43 Instant Coffee | 150g", "price": "$5.75", "price_calculation": "$3.83 per 100g", "category": "Bonus Cookware Credits"},
{"title": "Continental Cup A Soup Creamy Chicken & Corn With Croutons Serves 2 | 60g", "price": "$2.80", "price_calculation": "$4.67 per 100g", "category": "Bonus Cookware Credits"},
{"title": "I&J Raw Prawns Extra Large Tail On | 500g", "price": "$27.00", "price_calculation": "$54.00 per 1kg", "category": "Bonus Cookware Credits"},
{"title": "Dream Whip Whipped Dairy Topping Cream | 250g", "price": "$5.60", "price_calculation": "$2.24 per 100g", "category": "Bonus Cookware Credits"},
{"title": "Kettle Potato Chips Honey Baked Ham | 150g", "price": "$3.00", "price_calculation": "$2.00 per 100g", "category": "Bonus Cookware Credits"},
{"title": "Sunrice Medium Grain Brown Rice | 5kg", "price": "$19.00", "price_calculation": "$0.38 per 100g", "category": "Bonus Cookware Credits"},
{"title": "Bulla Dollop Thick Cream | 200mL", "price": "$3.80", "price_calculation": "$1.90 per 100mL", "category": "Bonus Cookware Credits"},
{"title": "Glad To Be Green Compostable Kitchen Liners Small | 20 pack", "price": "$4.40", "price_calculation": "$0.22 per 1ea", "category": "Bonus Cookware Credits"},
{"title": "Kettle Natives Lime & Pepper | 150g", "price": "$3.00", "price_calculation": "$2.00 per 100g", "category": "Bonus Cookware Credits"},
{"title": "Continental Cup A Soup Creamy Chicken With Lots Of Noodles Serves 2 | 60g", "price": "$2.80", "price_calculation": "$4.67 per 100g", "category": "Bonus Cookware Credits"},
{"title": "XXXX Gold Block Can 375mL | 30 Pack", "price": "$48.00", "price_calculation": "$4.27 per 1L", "category": "Liquor"},
{"title": "Penfolds Max'S Shiraz 750mL | 1 Each", "price": "$25.00", "price_calculation": "$3.33 per 100mL", "category": "Liquor"},
{"title": "Victoria Bitter Can 375mL | 24 Pack", "price": "$55.00", "price_calculation": "$0.61 per 100mL", "category": "Liquor"},
{"title": "Hahn Super Dry Bottle 330mL | 24 Pack", "price": "$52.00", "price_calculation": "$0.66 per 100mL", "category": "Liquor"},
{"title": "Jack Daniels Whiskey 700mL | 1 Each", "price": "$52.00", "price_calculation": "$74.29 per 1L", "category": "Liquor"},
{"title": "Jack Daniels Gentleman Jack 1 Litre | 1 Each", "price": "$85.00", "price_calculation": "$85.00 per 1L", "category": "Liquor"},
{"title": "Saltram 1859 Barossa Shiraz 750mL | 1 Each", "price": "$15.00", "price_calculation": "$20.00 per 1L", "category": "Liquor"},
{"title": "Wynns Coonawarra Shiraz 750mL | 1 Each", "price": "$14.00", "price_calculation": "$18.67 per 1L", "category": "Liquor"},
{"title": "Wynns Reframed Cabernet Sauvignon Cabernet Franc 750mL | 1 Each", "price": "$16.00", "price_calculation": "$21.33 per 1L", "category": "Liquor"},
{"title": "Carlton Dry Bottle 330mL | 24 Pack", "price": "$52.00", "price_calculation": "$0.61 per 100mL", "category": "Liquor"},
{"title": "Great Northern Super Crisp Lager Bottle 330mL | 24 Pack", "price": "$47.00", "price_calculation": "$5.93 per 1L", "category": "Liquor"},
{"title": "Great Northern Super Crisp Lager Block Can 375mL | 30 Pack", "price": "$60.00", "price_calculation": "$5.33 per 1L", "category": "Liquor"},
{"title": "Cleanskin Clean & Smooth Vodka 700mL | 1 Each", "price": "$38.00", "price_calculation": "$54.29 per 1L", "category": "Liquor"},
{"title": "Corona Bottle 355mL | 24 Pack", "price": "$59.00", "price_calculation": "$6.92 per 1L", "category": "Liquor"},
{"title": "St Hallett Faith Shiraz 750mL | 1 Each", "price": "$15.00", "price_calculation": "$20.00 per 1L", "category": "Liquor"},
{"title": "Oyster Bay Marlborough Sauvignon Blanc 750mL | 1 Each", "price": "$22.00", "price_calculation": "$29.33 per 1L", "category": "Liquor"},
{"title": "Great Northern Original Lager Bottle 330mL | 24 Pack", "price": "$48.00", "price_calculation": "$6.06 per 1L", "category": "Liquor"},
{"title": "Pepperjack Barossa Shiraz 750mL | 1 Each", "price": "$25.00", "price_calculation": "$33.33 per 1L", "category": "Liquor"},
{"title": "Earthworks Shiraz 750mL | 1 Each", "price": "$12.00", "price_calculation": "$16.00 per 1L", "category": "Liquor"},
{"title": "Wahu New Zealand Sauv Blanc 750mL | 1 Each", "price": "$8.50", "price_calculation": "$11.33 per 1L", "category": "Liquor"},
{"title": "Zilzie Bulloak Sauvignon Blanc 750mL | 1 Each", "price": "$6.00", "price_calculation": "$8.00 per 1L", "category": "Liquor"},
{"title": "McGuigan Black Label Red Blend 750mL | 1 Each", "price": "$8.00", "price_calculation": "$10.67 per 1L", "category": "Liquor"},
{"title": "Brown Brothers Prosecco NV 750mL | 1 Each", "price": "$15.00", "price_calculation": "$20.00 per 1L", "category": "Liquor"},
{"title": "James Squire 150 Lashes Pale Ale Bottle 330mL | 6 Pack", "price": "$22.00", "price_calculation": "$11.11 per 1L", "category": "Liquor"},
{"title": "Wolf Blass Red Label Chardonnay Pinot Noir NV 750mL | 1 Each", "price": "$7.00", "price_calculation": "$9.33 per 1L", "category": "Liquor"},
{"title": "Lana's Bike Sauvignon Blanc 750mL | 1 Each", "price": "$14.00", "price_calculation": "$18.67 per 1L", "category": "Liquor"},
{"title": "Peter Lehmann Portrait Shiraz 750mL | 1 Each", "price": "$12.00", "price_calculation": "$16.00 per 1L", "category": "Liquor"},
{"title": "Yellowglen NV Yellow 750mL | 1 Each", "price": "$9.00", "price_calculation": "$12.00 per 1L", "category": "Liquor"},
{"title": "-196 Double Lemon & Vodka Can 330ml | 4 Pack", "price": "$24.00", "price_calculation": "$18.18 per 1L", "category": "Liquor"},
{"title": "Robinsons Marlborough Sauvignon Blanc 750mL | 1 Each", "price": "$10.00", "price_calculation": "$13.33 per 1L", "category": "Liquor"},
{"title": "Earthworks Cabernet Sauvignon 750mL | 1 Each", "price": "$12.00", "price_calculation": "$16.00 per 1L", "category": "Liquor"},
{"title": "Absolut Vodka 700mL | 1 Each", "price": "$56.00", "price_calculation": "$80.00 per 1L", "category": "Liquor"},
{"title": "The Ned Marlborough Sauvignon Blanc 750mL | 1 Each", "price": "$18.00", "price_calculation": "$24.00 per 1L", "category": "Liquor"},
{"title": "Johnnie Walker Red Label Scotch Whisky 700mL | 1 Each", "price": "$45.00", "price_calculation": "$64.29 per 1L", "category": "Liquor"},
{"title": "Pensilva Estate Shiraz 750mL | 1 Each", "price": "$20.00", "price_calculation": "$26.67 per 1L", "category": "Liquor"},
{"title": "STORY BAY STORY BAY SEMILLON SAUV B", "price": null, "price_calculation": null, "category": "Liquor"},
{"title": "Yalumba Y Series Pinot Grigio 750mL | 1 Each", "price": "$10.00", "price_calculation": "$13.33 per 1L", "category": "Liquor"},
{"title": "Victoria Bitter Can 375mL | 8 Pack", "price": "$23.00", "price_calculation": "$7.67 per 1L", "category": "Liquor"},
{"title": "Stoneleigh Marlborough Sauvignon Blanc 750mL | 1 Each", "price": "$15.00", "price_calculation": "$20.00 per 1L", "category": "Liquor"},
{"title": "Zilzie Estate Pinot Grigio 750mL | 1 Each", "price": "$7.00", "price_calculation": "$9.33 per 1L", "category": "Liquor"},
{"title": "Great Northern Original Lager Bottle 330mL | 6 Pack", "price": "$19.00", "price_calculation": "$9.60 per 1L", "category": "Liquor"},
{"title": "Corona Bottle 355mL | 6 Pack", "price": "$23.00", "price_calculation": "$10.80 per 1L", "category": "Liquor"},
{"title": "Jack Daniels Double Jack and Cola Can 375mL | 4 Pack", "price": "$28.00", "price_calculation": "$18.67 per 1L", "category": "Liquor"},
{"title": "Tussock Jumper Pinot Noir 750mL | 1 Each", "price": "$10.00", "price_calculation": "$13.33 per 1L", "category": "Liquor"},
{"title": "Jim Beam Black Double Serve 6.9% Can 375mL | 4 Pack", "price": "$25.00", "price_calculation": "$16.67 per 1L", "category": "Liquor"},
{"title": "Jim Beam White Label Bourbon 700mL | 1 Each", "price": "$45.00", "price_calculation": "$64.29 per 1L", "category": "Liquor"},
{"title": "Coles Hass Avocados | 1 each", "price": "$1.50", "price_calculation": "$1.50 per 1ea", "category": "Winter Essentials"},
{"title": "Old El Paso Hard N Soft Taco Kit Mexican Style | 350g", "price": "$6.65", "price_calculation": "$1.90 per 100g", "category": "Winter Essentials"},
{"title": "Jack Daniels Whiskey 700mL | 1 Each", "price": "$52.00", "price_calculation": "$74.29 per 1L", "category": "Winter Essentials"},
{"title": "Nurofen Zavance Fast Pain Relief Caplets 256mg Ibuprofen | 24 pack", "price": "$7.50", "price_calculation": "$0.31 per 1ea", "category": "Winter Essentials"},
{"title": "Nurofen Cold and Flu Multi-Symptom Relief Tablets 200mg Ibuprofen | 12 pack", "price": "$9.00", "price_calculation": "$0.75 per 1ea", "category": "Winter Essentials"},
{"title": "Cenovis Mega Vitamin C 1000mg Tablets For Immunity | 60 pack", "price": "$5.55", "price_calculation": "$0.09 per 1ea", "category": "Winter Essentials"},
{"title": "Nestle Milo Chocolate Malt Powder Drink Hot Or Cold | 1kg", "price": "$12.00", "price_calculation": "$1.20 per 100g", "category": "Winter Essentials"},
{"title": "Barker's Strawberry Jam | 455g", "price": "$6.30", "price_calculation": "$1.38 per 100g", "category": "Winter Essentials"},
{"title": "Panadol Rapid Caplets for Pain Relief Paracetamol 500mg | 20 pack", "price": "$6.00", "price_calculation": "$0.30 per 1ea", "category": "Winter Essentials"},
{"title": "Panadol Optizorb Paracetamol Caplets | 20 pack", "price": "$4.00", "price_calculation": "$0.20 per 1ea", "category": "Winter Essentials"},
{"title": "Saltram 1859 Barossa Shiraz 750mL | 1 Each", "price": "$15.00", "price_calculation": "$20.00 per 1L", "category": "Winter Essentials"},
{"title": "Starbucks Signature Hot Chocolate 42% Cocoa | 330g", "price": "$8.60", "price_calculation": "$2.61 per 100g", "category": "Winter Essentials"},
{"title": "Coles Imperial Mandarins Medium | approx 80g", "price": "$0.28", "price_calculation": "$3.50 per 1kg", "category": "Winter Essentials"},
{"title": "Coles Red Capsicum | approx 200g", "price": "$1.18", "price_calculation": "$5.90 per 1kg", "category": "Winter Essentials"},
{"title": "Fresh Strawberries Prepacked | 250g", "price": "$6.00", "price_calculation": "$24.00 per 1kg", "category": "Winter Essentials"},
{"title": "Coles Sweet Gold Potatoes Loose | approx 350g", "price": "$1.57", "price_calculation": "$4.50 per 1kg", "category": "Winter Essentials"},
{"title": "Coles Medium Navel Oranges | approx 180g", "price": "$0.52", "price_calculation": "$2.90 per 1kg", "category": "Winter Essentials"},
{"title": "Coles Facial Tissues White | 224 pack", "price": "$1.70", "price_calculation": "$0.76 per 100ea", "category": "Winter Essentials"},
{"title": "Pine O Cleen Disinfectant Wipes Lemon | 110 pack", "price": "$12.00", "price_calculation": "$10.91 per 100ea", "category": "Winter Essentials"},
{"title": "Western Star Traditional Spreadable Butter Blend | 500g", "price": "$6.00", "price_calculation": "$1.20 per 100g", "category": "Winter Essentials"},
{"title": "Coles Green Capsicum Loose | approx 250g", "price": "$1.48", "price_calculation": "$5.90 per 1kg", "category": "Winter Essentials"},
{"title": "Coles Carrots Loose | approx 170g", "price": "$0.42", "price_calculation": "$2.50 per 1kg", "category": "Winter Essentials"},
{"title": "Coles Washed Potatoes | 2kg", "price": "$7.50", "price_calculation": "$3.75 per 1kg", "category": "Winter Essentials"},
{"title": "McCormick Produce Partner Italia Roast Potatoes | 40g", "price": "$1.80", "price_calculation": "$4.50 per 100g", "category": "Winter Essentials"},
{"title": "Coles Garlic Bread Twin Pack | 450g", "price": "$2.30", "price_calculation": "$0.51 per 100g", "category": "Winter Essentials"},
{"title": "Tip Top Original English Muffins 6 Pack | 400g", "price": "$3.00", "price_calculation": "$0.75 per 100g", "category": "Winter Essentials"},
{"title": "Kleenex Everyday 2 Ply Facial Tissues | 200 pack", "price": "$3.00", "price_calculation": "$1.50 per 100ea", "category": "Winter Essentials"},
{"title": "Tip Top Cafe Bread Raisin Toast | 650g", "price": "$5.00", "price_calculation": "$0.77 per 100g", "category": "Winter Essentials"},
{"title": "Campbell's Real Stock Chicken Stock Salt Reduced | 1L", "price": "$2.25", "price_calculation": "$0.23 per 100mL", "category": "Winter Essentials"},
{"title": "Golden Crumpet Square 6 pack | 425g", "price": "$3.50", "price_calculation": "$0.58 per 1ea", "category": "Winter Essentials"},
{"title": "Tip Top Raisin Toast Bread | 520g", "price": "$5.20", "price_calculation": "$1.00 per 100g", "category": "Winter Essentials"},
{"title": "Kleenex Aloe Vera & Vitamin E 3 Ply Facial Tissues | 95 pack", "price": "$2.60", "price_calculation": "$0.03 per 1ea", "category": "Winter Essentials"},
{"title": "Lipton Black Tea Bags | 100 Pack", "price": "$2.90", "price_calculation": "$0.03 per 1ea", "category": "Winter Essentials"},
{"title": "Quilton Classic White Facial Tissues | 110 pack", "price": "$2.50", "price_calculation": "$2.27 per 100ea", "category": "Winter Essentials"},
{"title": "Kleenex Aloe Vera & Vitamin E 3 Ply Facial Tissues | 140 pack", "price": "$4.50", "price_calculation": "$3.21 per 100ea", "category": "Winter Essentials"},
{"title": "St Hallett Faith Shiraz 750mL | 1 Each", "price": "$15.00", "price_calculation": "$20.00 per 1L", "category": "Winter Essentials"},
{"title": "Tip Top Wholemeal English Muffins 6 Pack | 400g", "price": "$3.00", "price_calculation": "$0.75 per 100g", "category": "Winter Essentials"},
{"title": "Coles Rolled Oats | 900g", "price": "$1.65", "price_calculation": "$0.18 per 100g", "category": "Winter Essentials"},
{"title": "Coles English Muffins 6 Pack | 400g", "price": "$2.90", "price_calculation": "$0.73 per 100g", "category": "Winter Essentials"},
{"title": "Coles Butternut Pumpkin Whole | approx 2Kg", "price": "$4.00", "price_calculation": "$2.00 per 1kg", "category": "Winter Essentials"},
{"title": "Fight MND 2023 Beanie | 1 each", "price": "$25.00", "price_calculation": "$25.00 per 1ea", "category": "Winter Essentials"},
{"title": "Pepperjack Barossa Shiraz 750mL | 1 Each", "price": "$25.00", "price_calculation": "$33.33 per 1L", "category": "Winter Essentials"},
{"title": "Coles Finest Pure Canadian Maple Syrup | 250mL", "price": "$6.60", "price_calculation": "$2.64 per 100mL", "category": "Winter Essentials"},
{"title": "Uncle Tobys Traditional Porridge Oats | 1kg", "price": "$6.50", "price_calculation": "$0.65 per 100g", "category": "Winter Essentials"},
{"title": "Nutella Hazelnut Chocolate Spread | 750g", "price": "$7.80", "price_calculation": "$1.04 per 100g", "category": "Winter Essentials"},
{"title": "McGuigan Black Label Red Blend 750mL | 1 Each", "price": "$8.00", "price_calculation": "$10.67 per 1L", "category": "Winter Essentials"},
{"title": "Coles Pikelets 8 pack | 200g", "price": "$2.20", "price_calculation": "$1.10 per 100g", "category": "Winter Essentials"},
{"title": "Campbell's Country Ladle Soup Can Creamy Chicken | 500g", "price": "$2.25", "price_calculation": "$0.45 per 100g", "category": "Winter Essentials"},
{"title": "Uncle Tobys Quick Oats Porridge | 1kg", "price": "$6.50", "price_calculation": "$0.65 per 100g", "category": "Winter Essentials"},
{"title": "Nutella Hazelnut Chocolate Spread | 400g", "price": "$5.70", "price_calculation": "$1.43 per 100g", "category": "Winter Essentials"},
{"title": "Coles Cat Litter Clumping | 4.5kg", "price": "$3.50", "price_calculation": "$0.78 per 1kg", "category": "Pet"},
{"title": "Pedigree Dentastix Large Dog Treats Daily Oral Care Dental Chew | 28 pack", "price": "$15.50", "price_calculation": "$0.55 per 1ea", "category": "Pet"},
{"title": "Supercoat Adult With Chicken Dry Dog Food | 7kg", "price": "$28.00", "price_calculation": "$0.40 per 100g", "category": "Pet"},
{"title": "Purina Lucky Dog Adult Minis Beef Vegetable & Pasta Dry Dog Food | 3kg", "price": "$11.00", "price_calculation": "$0.37 per 100g", "category": "Pet"},
{"title": "Schmackos Strapz With Beef Dog Treats | 500g", "price": "$16.00", "price_calculation": "$3.20 per 100g", "category": "Pet"},
{"title": "Pedigree Adult Dry Dog Food with Real Beef | 8kg", "price": "$31.00", "price_calculation": "$0.39 per 100g", "category": "Pet"},
{"title": "Friskies Dry Cat Food Adult Indoor Delight | 2.5kg", "price": "$16.50", "price_calculation": "$0.66 per 100g", "category": "Pet"},
{"title": "Felix Sensations Jellies Fishy Selection Cat Food | 12 pack", "price": "$14.50", "price_calculation": "$1.42 per 100g", "category": "Pet"},
{"title": "Whiskas Favourites Favourites Kitten Mixed In Jelly Cat Food 12x85g | 12 pack", "price": "$12.00", "price_calculation": "$1.18 per 100g", "category": "Pet"},
{"title": "Schmackos Strapz Dog Treat Beef Chicken And Liver Variety Pack | 500g", "price": "$16.00", "price_calculation": "$3.20 per 100g", "category": "Pet"},
{"title": "Temptations Tasty Chicken Flavour Cat Treats | 180g", "price": "$7.00", "price_calculation": "$3.89 per 100g", "category": "Pet"},
{"title": "Fancy Feast Classic Cat Food Tuna Prime Fillet | 85g", "price": "$1.90", "price_calculation": "$2.24 per 100g", "category": "Pet"},
{"title": "Dine Creamy Treats Chicken Flavour Cat Treat | 4 pack", "price": "$3.20", "price_calculation": "$6.67 per 100g", "category": "Pet"},
{"title": "Fancy Feast Classic Cat Food Oceanfish Fillet | 85g", "price": "$1.90", "price_calculation": "$2.24 per 100g", "category": "Pet"},
{"title": "Fancy Feast Classic Savoury Salmon Cat Food | 85g", "price": "$1.90", "price_calculation": "$2.24 per 100g", "category": "Pet"},
{"title": "Dine Creamy Treats Tuna Flavour Cat Food 12g | 4 pack", "price": "$3.20", "price_calculation": "$6.67 per 100g", "category": "Pet"},
{"title": "Dine Tuna & Prawn Flavour Creamy Treats Cat Food 12g | 4 pack", "price": "$3.20", "price_calculation": "$6.67 per 100g", "category": "Pet"},
{"title": "Breeders Choice Cat Litter Paper | 24L", "price": "$23.00", "price_calculation": "$0.96 per 1L", "category": "Pet"},
{"title": "Fancy Feast Classic Cat Food Gravy Lovers Beef | 85g", "price": "$1.90", "price_calculation": "$2.24 per 100g", "category": "Pet"},
{"title": "Fancy Feast Classic Cat Food Chicken Feast Chunky | 85g", "price": "$1.90", "price_calculation": "$2.24 per 100g", "category": "Pet"},
{"title": "Fancy Feast Classic Cat Food Chicken Prime Fillet | 85g", "price": "$1.90", "price_calculation": "$2.24 per 100g", "category": "Pet"},
{"title": "Fancy Feast Classic Cat Food Salmon Prime Fillet | 85g", "price": "$1.90", "price_calculation": "$2.24 per 100g", "category": "Pet"},
{"title": "Dine Creamy Treats Cat Food Mixed Seafood | 4 pack", "price": "$3.20", "price_calculation": "$6.67 per 100g", "category": "Pet"},
{"title": "Love'em Dog Training Treats Chicken | 200g", "price": "$3.60", "price_calculation": "$1.80 per 100g", "category": "Pet"},
{"title": "Pedigree Dentastix Large Dog Treats Daily Oral Care Dental Chews | 7 pack", "price": "$6.50", "price_calculation": "$0.93 per 1ea", "category": "Pet"},
{"title": "V.I.P Chunkers Adult Chilled Fresh Dog Food Meatballs Lamb | 1kg", "price": "$5.40", "price_calculation": "$0.54 per 100g", "category": "Pet"},
{"title": "Fancy Feast Classic Cat Food Turkey Prime Fillet | 85g", "price": "$1.90", "price_calculation": "$2.24 per 100g", "category": "Pet"},
{"title": "Bow Wow Pig Ear Dog Treats | 1 each", "price": "$2.05", "price_calculation": "$2.05 per 1ea", "category": "Pet"},
{"title": "Coles Compost Pet Tidy Bags | 40 pack", "price": "$2.50", "price_calculation": "$0.06 per 1ea", "category": "Pet"},
{"title": "Temptations Tempting Tuna Flavour Cat Treats | 85g", "price": "$5.00", "price_calculation": "$5.88 per 100g", "category": "Pet"},
{"title": "V.I.P Chunkers Adult Chilled Fresh Dog Food Chicken Meatballs | 1kg", "price": "$5.40", "price_calculation": "$0.54 per 100g", "category": "Pet"},
{"title": "V.I.P Paws Fresh Adult Chilled Fresh Dog Food Chunky Beef Mince | 600g", "price": "$5.50", "price_calculation": "$0.92 per 100g", "category": "Pet"},
{"title": "Fancy Feast Creamy Delights With Pate Chicken Cat Food | 85g", "price": "$1.90", "price_calculation": "$2.24 per 100g", "category": "Pet"},
{"title": "Fussy Cat Grain Free Adult Dry Cat food Chicken & Turkey With Cranberry | 500g", "price": "$4.80", "price_calculation": "$0.96 per 100g", "category": "Pet"},
{"title": "Prime 100 Dog Roll Chicken With Broccoli & Apple Dog Food | 1.7kg", "price": "$9.28", "price_calculation": "$0.55 per 100g", "category": "Pet"},
{"title": "Fancy Feast Classic Cat Food Chicken Feast In Gravy | 85g", "price": "$1.90", "price_calculation": "$2.24 per 100g", "category": "Pet"},
{"title": "Nature's Gift Adult Chilled Fresh Dog Food Deli Roll Beef Potato Carrots & Peas | 200g", "price": "$2.00", "price_calculation": "$1.00 per 100g", "category": "Pet"},
{"title": "Fancy Feast Classic Cat Food Tender Chicken & Liver | 85g", "price": "$1.90", "price_calculation": "$2.24 per 100g", "category": "Pet"},
{"title": "Nature's Gift Adult Chilled Fresh Dog Food Deli Roll Chicken Brown Rice & Vegetables | 200g", "price": "$2.00", "price_calculation": "$1.00 per 100g", "category": "Pet"},
{"title": "Whiskas Kitten Chicken And Tuna Adult Dry Cat Food | 800g", "price": "$6.50", "price_calculation": "$0.81 per 100g", "category": "Pet"},
{"title": "Whiskas Chicken And Rabbit Adult Dry Cat Food | 800g", "price": "$6.50", "price_calculation": "$0.81 per 100g", "category": "Pet"},
{"title": "My Dog Classic Loaf With Juicy Lamb & Hearty Liver Can Wet Dog Food | 400g", "price": "$2.10", "price_calculation": "$0.53 per 100g", "category": "Pet"},
{"title": "Pedigree Dentastix Small Dog Treats Daily Oral Care Dental Chews | 7 pack", "price": "$6.50", "price_calculation": "$0.93 per 1ea", "category": "Pet"},
{"title": "Coles Cat Litter Clay | 10kg", "price": "$6.60", "price_calculation": "$0.66 per 1kg", "category": "Pet"},
{"title": "My Dog Classic Loaf With Gourmet Beef Can Wet Dog Food | 400g", "price": "$2.10", "price_calculation": "$0.53 per 100g", "category": "Pet"},
{"title": "Fussy Cat Grain Free Adult Chilled Fresh Cat Food Prime Steak Mince | 450g", "price": "$6.50", "price_calculation": "$1.44 per 100g", "category": "Pet"},
{"title": "Vitapet Chicken Tenders Dog Treat | 200g", "price": "$14.50", "price_calculation": "$7.25 per 100g", "category": "Pet"},
{"title": "Coles Cat Litter Recycled Paper | 21L", "price": "$21.00", "price_calculation": "$1.00 per 1L", "category": "Pet"},
{"title": "Applaws Cat Food Tuna With Prawn | 70g", "price": "$1.85", "price_calculation": "$2.64 per 100g", "category": "Pet"},
{"title": "My Dog Classic Loaf With Wholesome Chicken & Turkey Can Wet Dog Food | 400g", "price": "$2.10", "price_calculation": "$0.53 per 100g", "category": "Pet"},
{"title": "My Dog Classic Loaf With Sardine Tuna & Spring Vegetables Can Wet Dog Food | 400g", "price": "$2.10", "price_calculation": "$0.53 per 100g", "category": "Pet"},
{"title": "Pets Own Dog & Puppy Milk | 1L", "price": "$4.25", "price_calculation": "$0.43 per 100mL", "category": "Pet"},
{"title": "Temptations Seafood Medley Flavour Cat Treats | 85g", "price": "$5.00", "price_calculation": "$5.88 per 100g", "category": "Pet"},
{"title": "CUB Biodegradable Fragrance Free Baby Wipes | 80 pack", "price": "$2.40", "price_calculation": "$3.00 per 100ea", "category": "Baby"},
{"title": "Aptamil Gold+ 1 Baby Infant Formula From 0-6 Months | 900g", "price": "$32.00", "price_calculation": "$3.56 per 100g", "category": "Baby"},
{"title": "Rafferty's Garden Banana Pear & Mango Baby Food Puree Pouch 4+ Months | 120g", "price": "$2.00", "price_calculation": "$1.67 per 100g", "category": "Baby"},
{"title": "Rafferty's Garden Blueberry- Banana & Pear Yoghurt Brekkie 6+ Months | 120g", "price": "$2.00", "price_calculation": "$1.67 per 100g", "category": "Baby"},
{"title": "Rafferty's Garden Vegemite Cheesy Bread Sticks 12+ Months | 30g", "price": "$2.00", "price_calculation": "$6.67 per 100g", "category": "Baby"},
{"title": "Rafferty's Garden Chickpea Corn & Carrot 8+ Months  | 120g", "price": "$2.00", "price_calculation": "$1.67 per 100g", "category": "Baby"},
{"title": "Rafferty's Garden Blueberry & Banana No Added Sugar Custard 6+ Months | 120g", "price": "$2.00", "price_calculation": "$1.67 per 100g", "category": "Baby"},
{"title": "Rafferty's Garden Rice Cereal Pear Banana & Milk No Added Sugar Baby Food Pouch 4+ Months | 120g", "price": "$2.00", "price_calculation": "$1.67 per 100g", "category": "Baby"},
{"title": "Bubs Organic Little Rollies Hazelnut | 25g", "price": "$1.80", "price_calculation": "$7.20 per 100g", "category": "Baby"},
{"title": "Cetaphil Baby Moisturising Bath & Wash | 400mL", "price": "$11.06", "price_calculation": "$2.77 per 100mL", "category": "Baby"},
{"title": "Cetaphil Baby Wash & Shampoo | 400mL", "price": "$11.06", "price_calculation": "$2.77 per 100mL", "category": "Baby"},
{"title": "Rascal + Friends Biodegradable Sensitive Wipes | 80 pack", "price": "$2.50", "price_calculation": "$3.13 per 100ea", "category": "Baby"},
{"title": "CUB Gentle Care Premium Thick & Soft Fragrance Free Baby Wipes | 80 pack", "price": "$2.80", "price_calculation": "$3.50 per 100ea", "category": "Baby"},
{"title": "CUB Biodegradable Lightly Scented Baby Wipes | 80 pack", "price": "$2.40", "price_calculation": "$3.00 per 100ea", "category": "Baby"},
{"title": "Rascal + Friends H2O Water Wipes | 72 pack", "price": "$2.50", "price_calculation": "$3.47 per 100ea", "category": "Baby"},
{"title": "CUB Biodegradable Fragrance Free Baby Wipes | 480 pack", "price": "$11.50", "price_calculation": "$2.40 per 100ea", "category": "Baby"},
{"title": "Huggies Thick Baby Wipes Fragrance Free | 80 pack", "price": "$5.00", "price_calculation": "$6.25 per 100ea", "category": "Baby"},
{"title": "Huggies Thick Baby Wipes Fragrance Free 3x80 | 3 pack", "price": "$14.00", "price_calculation": "$5.83 per 100ea", "category": "Baby"},
{"title": "Rafferty's Garden Blueberry Mini Yoghurt Drops Baby Food Snack 8+ Months | 8g", "price": "$2.50", "price_calculation": "$31.25 per 100g", "category": "Baby"},
{"title": "Huggies Thick Baby Wipes Fragrance Free | 1 pack", "price": "$18.00", "price_calculation": "$18.00 per 1ea", "category": "Baby"},
{"title": "Aptamil Gold+ 3 Toddler Nutritional Supplement From 1 Year | 900g", "price": "$27.00", "price_calculation": "$3.00 per 100g", "category": "Baby"},
{"title": "Rafferty's Garden Blueberry Banana & Apple Snack Bars Real Fruit Baby Food 8 Pack 12+ Months | 128g", "price": "$4.50", "price_calculation": "$3.52 per 100g", "category": "Baby"},
{"title": "Rafferty's Garden Apple Banana & Peach and Nothing Else Baby Food Puree Pouch 4+ Months | 120g", "price": "$2.00", "price_calculation": "$1.67 per 100g", "category": "Baby"},
{"title": "Curash Water Wipes | 240 pack", "price": "$16.50", "price_calculation": "$6.88 per 100ea", "category": "Baby"},
{"title": "Little Bellies Baby Puffs Carrot | 12g", "price": "$2.00", "price_calculation": "$16.67 per 100g", "category": "Baby"},
{"title": "Rafferty's Garden Natural Mini Yoghurt Drops Baby Food Snack 8+ Months | 8g", "price": "$2.50", "price_calculation": "$31.25 per 100g", "category": "Baby"},
{"title": "Baby Mum-Mum Rice Rusk Organic Blueberry & Carrot +8 Months | 36g", "price": "$2.75", "price_calculation": "$7.64 per 100g", "category": "Baby"},
{"title": "Rafferty's Garden Apple & Raspberry Snack Bars with Real Fruit Baby Food Snack 12+ Months | 128g", "price": "$4.50", "price_calculation": "$3.52 per 100g", "category": "Baby"},
{"title": "Rafferty's Garden Pear & Superberries Puree and Nothing Else Baby Food Pouch 4+ Months | 120g", "price": "$2.00", "price_calculation": "$1.67 per 100g", "category": "Baby"},
{"title": "CUB Unisex Toddler Nappies Size 4 | 50 pack", "price": "$11.50", "price_calculation": "$23.00 per 100ea", "category": "Baby"},
{"title": "Curash Fragrance Free 240 Baby Wipes 3x80 Pack | 3 pack", "price": "$13.00", "price_calculation": "$4.33 per 1ea", "category": "Baby"},
{"title": "Huggies Ultra Dry Nappies Boys Size 5 (13-18kg) | 32 pack", "price": "$23.00", "price_calculation": "$0.72 per 1ea", "category": "Baby"},
{"title": "Only Organic Banana Berries & Yoghurt Brekkie Baby Food Pouch 8+ Months | 120g", "price": "$2.15", "price_calculation": "$1.79 per 100g", "category": "Baby"},
{"title": "Rafferty's Garden Pear & Prune Puree and Nothing Else Baby Food Pouch 4+ Months | 120g", "price": "$2.00", "price_calculation": "$1.67 per 100g", "category": "Baby"},
{"title": "Little Bellies Sultanas 6x14g | 84g", "price": "$2.25", "price_calculation": "$2.68 per 100g", "category": "Baby"},
{"title": "Huggies Drynites Night Pants Boy Size 4-7 Years | 9 pack", "price": "$10.00", "price_calculation": "$1.11 per 1ea", "category": "Baby"},
{"title": "Baby Bellies Organic Blueberry Puffs 7+ Months | 12g", "price": "$2.00", "price_calculation": "$16.67 per 100g", "category": "Baby"},
{"title": "Only Organic Apple Blueberry Blackberry Oat Prebiotics 8+ Months | 120g", "price": "$2.15", "price_calculation": "$1.79 per 100g", "category": "Baby"},
{"title": "CUB Nappy Bags | 200 pack", "price": "$3.20", "price_calculation": "$1.60 per 100ea", "category": "Baby"},
{"title": "Huggies Ultra Dry Nappy Pants Boys Size 5 (12-17kg) | 54 pack", "price": "$30.00", "price_calculation": "$55.56 per 100ea", "category": "Baby"},
{"title": "Huggies Ultra Dry Nappy Pants Boys Size 6 (15kg+) | 48 pack", "price": "$30.00", "price_calculation": "$62.50 per 100ea", "category": "Baby"},
{"title": "CUB Biodegradable Fragrance Free Baby Wipes | 20 pack", "price": "$1.50", "price_calculation": "$7.50 per 100ea", "category": "Baby"},
{"title": "Rafferty's Garden Apple Puree and Nothing Else Baby Food Pouch 4+ Months | 120g", "price": "$2.00", "price_calculation": "$1.67 per 100g", "category": "Baby"},
{"title": "Baby Mum-Mum First Rice Rusk Apple & Pumpkin +6 Months | 36g", "price": "$2.75", "price_calculation": "$7.64 per 100g", "category": "Baby"},
{"title": "Baby Mum-Mum First Rice Rusk Vegetable +6 Months | 36g", "price": "$2.75", "price_calculation": "$7.64 per 100g", "category": "Baby"},
{"title": "Nestle Cerelac Multigrain with Pear Baby Cereal Stage 3 | 200g", "price": "$6.00", "price_calculation": "$3.00 per 100g", "category": "Baby"},
{"title": "Huggies Ultra Dry Nappies Girls Size 4 (10-15kg) | 36 pack", "price": "$23.00", "price_calculation": "$0.64 per 1ea", "category": "Baby"},
{"title": "Huggies Ultra Dry Nappies Boys Size 6 (16kg+) | 30 pack", "price": "$23.00", "price_calculation": "$0.77 per 1ea", "category": "Baby"},
{"title": "Rafferty's Garden Banana Pear & Mango Porridge Baby Food Pouch 6+ Months | 120g", "price": "$2.00", "price_calculation": "$1.67 per 100g", "category": "Baby"},
{"title": "Only Organic Mango & Yoghurt Brekkie Baby Food Pouch 8+ Months | 120g", "price": "$2.15", "price_calculation": "$1.79 per 100g", "category": "Baby"},
{"title": "Baby Mum-Mum Rice Rusks Banana +8 Months | 36g", "price": "$2.75", "price_calculation": "$7.64 per 100g", "category": "Baby"},
{"title": "Heinz Little Kids Toddler Fruit Salad Muesli Fingers Snack Bars 1-3 Years | 90g", "price": "$3.00", "price_calculation": "$3.33 per 100g", "category": "Baby"},
{"title": "Johnson's Baby Pure Cornstarch With Aloe & Vitamin E Classic Scented Baby Powder | 255g", "price": "$5.50", "price_calculation": "$2.16 per 100g", "category": "Baby"},
{"title": "CUB Unisex Junior Nappies Size 6 | 40 pack", "price": "$11.50", "price_calculation": "$0.29 per 1ea", "category": "Baby"},
{"title": "Aptamil Gold+ 2 Baby Follow - On Formula From 6-12 Months | 900g", "price": "$32.00", "price_calculation": "$3.56 per 100g", "category": "Baby"},
{"title": "Colgate Pulse Series 2 Electric Toothbrush Deep Clean & Whitening | 1 pack", "price": "$130.00", "price_calculation": "$130.00 per 1ea", "category": "Bonus Cookware Credits"},
{"title": "Coles Finest Butter Croissant Single | 1 each", "price": "$3.00", "price_calculation": "$3.00 per 1ea", "category": "Bonus Cookware Credits"},
{"title": "Coles Finest Pain Au Raisin Single | 1 each", "price": "$3.00", "price_calculation": "$3.00 per 1ea", "category": "Bonus Cookware Credits"},
{"title": "Bref Deluxe In Bowl Cleaner Delicate Magnolia | 50g", "price": "$3.50", "price_calculation": null, "category": "Bonus Cookware Credits"},
{"title": "Air Wick Pure Fresh Berries Aerosol | 159g", "price": "$4.00", "price_calculation": "$2.52 per 100g", "category": "Bonus Cookware Credits"},
{"title": "U by Kotex Tampons Regular | 16 pack", "price": "$5.00", "price_calculation": "$0.31 per 1ea", "category": "Bonus Cookware Credits"},
{"title": "Vanish Preen Pre-Wash Oxi action Intelligence Stain Remover Refill  | 375mL", "price": "$5.50", "price_calculation": "$14.67 per 1L", "category": "Bonus Cookware Credits"},
{"title": "Coles Finest Salted Caramel Mini Tarts 6 Pack | 200g", "price": null, "price_calculation": null, "category": "Bonus Cookware Credits"},
{"title": "Coles Finest Fruit Mince Crumble Mini Tarts 6 Pack | 220g", "price": null, "price_calculation": null, "category": "Bonus Cookware Credits"},
{"title": "Bulla Creamy Classics Choc Honeycomb Cone 4 Pack | 520mL", "price": "$7.00", "price_calculation": "$1.35 per 100mL", "category": "Bonus Cookware Credits"},
{"title": "Colgate Interdental Brush Size 1 | 8 pack", "price": "$7.00", "price_calculation": "$0.88 per 1ea", "category": "Bonus Cookware Credits"},
{"title": "Nescafe Iced Cappuccino Coffee Sachets | 8 pack", "price": "$7.60", "price_calculation": "$0.95 per 1ea", "category": "Bonus Cookware Credits"},
{"title": "Nescafe Iced Salted Caramel Coffee Sachets | 8 pack", "price": "$7.60", "price_calculation": "$0.95 per 1ea", "category": "Bonus Cookware Credits"},
{"title": "Coles Finest Italian Grissini With Black Olive | 200g", "price": "$8.00", "price_calculation": "$4.00 per 100g", "category": "Bonus Cookware Credits"},
{"title": "Colgate 360 Optic White Medium Battery PoWer Whitening Toothbrush | 1 pack", "price": "$8.00", "price_calculation": "$8.00 per 1ea", "category": "Bonus Cookware Credits"},
{"title": "Rexona Women Anti Per spirant Advance Shower Fresh Deodorant | 220mL", "price": "$8.50", "price_calculation": "$3.86 per 100mL", "category": "Bonus Cookware Credits"},
{"title": "Coles Finest Gorgonzola Dolce Dop | 200g", "price": "$9.00", "price_calculation": "$45.00 per 1kg", "category": "Bonus Cookware Credits"},
{"title": "Uncle Tobys Le Snak French Onion Cheese Dip And Crackers 12 pack | 264g", "price": "$9.00", "price_calculation": "$3.41 per 100g", "category": "Bonus Cookware Credits"},
{"title": "I&J Fish Goujons | 800g", "price": "$10.00", "price_calculation": "$12.50 per 1kg", "category": "Bonus Cookware Credits"},
{"title": "Rexona Men Clinical Protection Aerosol Sport Antiperspirant | 180mL", "price": "$11.00", "price_calculation": "$6.11 per 100mL", "category": "Bonus Cookware Credits"},
{"title": "Bref Deluxe Delicate Magnolia Twin Pack | 100g", "price": "$11.00", "price_calculation": "$11.00 per 100g", "category": "Bonus Cookware Credits"},
{"title": "Colgate Kids Junior Powered Toothbrush | 1 pack", "price": "$12.00", "price_calculation": "$12.00 per 1ea", "category": "Bonus Cookware Credits"},
{"title": "I&J Beer Batter Wild Caught Fish Fillets | 1.03kg", "price": "$13.00", "price_calculation": "$12.62 per 1kg", "category": "Bonus Cookware Credits"},
{"title": "Botanica By Air Wick Le Fragrance Refills French Lavender Honey Blossom | 38mL", "price": "$13.15", "price_calculation": "$3.46 per 10mL", "category": "Bonus Cookware Credits"},
{"title": "Air Wick Pure Cherry Blossom Fragrance Infused With Essential Oil 19mL | 2 pack", "price": "$14.00", "price_calculation": "$7.37 per 10mL", "category": "Bonus Cookware Credits"},
{"title": "Botanica Caribbean Vetiver & Sandalwood Candle | 1 each", "price": "$14.00", "price_calculation": "$14.00 per 1ea", "category": "Bonus Cookware Credits"},
{"title": "Botanica Island Rose & African Geranium Candle | 1 each", "price": "$14.00", "price_calculation": "$14.00 per 1ea", "category": "Bonus Cookware Credits"},
{"title": "Airwick Le Prime Cherry Blossom Refill Triple | 3 pack", "price": "$18.00", "price_calculation": "$31.58 per 100mL", "category": "Bonus Cookware Credits"},
{"title": "Optimum Adult 1+ Years Wth Oceanfish Dry Cat Food | 2kg", "price": "$19.00", "price_calculation": "$0.95 per 100g", "category": "Bonus Cookware Credits"},
{"title": "U by Kotex Thinx Period Underwear Black Bikini Size 6-8 | 1 each", "price": "$20.00", "price_calculation": "$20.00 per 1ea", "category": "Bonus Cookware Credits"},
{"title": "U by Kotex Thinx Period Underwear Black Bikini Size 12 | 1 each", "price": "$20.00", "price_calculation": "$20.00 per 1ea", "category": "Bonus Cookware Credits"},
{"title": "Optimum Grain Free With Beef & Vegetables Dry Dog Food | 2.5kg", "price": "$22.00", "price_calculation": "$0.88 per 100g", "category": "Bonus Cookware Credits"},
{"title": "Optimum Dry Dog Food Skin & Coat With Turkey | 3kg", "price": "$22.00", "price_calculation": "$0.73 per 100g", "category": "Bonus Cookware Credits"},
{"title": "U by Kotex Thinx Period Underwear Ruby High Waisted Size 6-8 | 1 pack", "price": "$25.00", "price_calculation": "$25.00 per 1ea", "category": "Bonus Cookware Credits"},
{"title": "U by Kotex Thinx Period Underwear Ruby High Waisted Size 12 | 1 pack", "price": "$25.00", "price_calculation": "$25.00 per 1ea", "category": "Bonus Cookware Credits"},
{"title": "Optimum Lamb And Rice Dog Food With Trays 24x100g | 24 pack", "price": "$28.50", "price_calculation": "$1.19 per 100g", "category": "Bonus Cookware Credits"},
{"title": "Colgate Optic White Pro Series Teeth Whitening Treatment Pen With 3% Hydrogen Peroxide | 2.5mL", "price": "$35.00", "price_calculation": "$35.00 per 1ea", "category": "Bonus Cookware Credits"},
{"title": "Colgate Pulse Electric Toothbrush Deep Clean | 1 pack", "price": "$40.00", "price_calculation": "$40.00 per 1ea", "category": "Bonus Cookware Credits"},
{"title": "Finish Quantum Ultimate Pro Baking Soda | 32 pack", "price": "$48.00", "price_calculation": "$1.50 per 1ea", "category": "Bonus Cookware Credits"},
{"title": "Colgate Optic White Pro Series 4.5% Express Pen | 1 pack", "price": "$50.00", "price_calculation": "$50.00 per 1ea", "category": "Bonus Cookware Credits"},
{"title": "Life Botanics Armour + Immune | 60 pack", "price": "$20.00", "price_calculation": "$33.33 per 100ea", "category": "Winter Essentials"},
{"title": "Nature's Way Vita Gummies Vitamin C | 120 pack", "price": "$23.00", "price_calculation": "$0.19 per 1ea", "category": "Winter Essentials"},
{"title": "Natures Way High Strength Gummies Sugar Free Vitamin C | 65 pack", "price": "$25.00", "price_calculation": "$0.38 per 1ea", "category": "Winter Essentials"},
{"title": "Renovatio An Apple A Day Activated Phenolics Antioxidants | 30 pack", "price": "$29.00", "price_calculation": "$0.97 per 1ea", "category": "Winter Essentials"},
{"title": "Lavazza Medium Roast Smooth And Aromatic Coffee Beans | 1kg", "price": "$38.00", "price_calculation": "$3.80 per 100g", "category": "Winter Essentials"},
{"title": "Sunbeam Stainless Steel Kettle 1.7L | 1 each", "price": "$59.00", "price_calculation": "$59.00 per 1ea", "category": "Winter Essentials"},
{"title": "Seiki 2000W Digital Ceramic Tower Heater | 1 each", "price": "$85.00", "price_calculation": "$85.00 per 1ea", "category": "Winter Essentials"},
{"title": "Tinnies IPA Can 375mL | 16 Pack", "price": "$61.00", "price_calculation": "$10.17 per 1L", "category": "Winter Essentials"},
{"title": "Loch Lomond 18 YO Single Malt Scotch Whisky 700mL | 1 Each", "price": "$145.00", "price_calculation": null, "category": "Winter Essentials"},
{"title": "Blackmores Probiotics+ Immune Defence Capsules | 30 pack", "price": "$15.50", "price_calculation": "$51.67 per 100ea", "category": "Winter Essentials"},
{"title": "Seiki Heated Throw Blanket | 1 each", "price": "$52.00", "price_calculation": "$52.00 per 1ea", "category": "Winter Essentials"},
{"title": "Donna Hay Pancakes With Vanilla Bean Seeds | 285g", "price": "$5.95", "price_calculation": "$2.09 per 100g", "category": "Winter Essentials"},
{"title": "Snazzee 2L Hot Water Bottle | 1 each", "price": "$8.00", "price_calculation": "$8.00 per 1ea", "category": "Winter Essentials"},
{"title": "Cook & Dine 12 Cup Muffin Tray | 1 each", "price": "$9.00", "price_calculation": "$9.00 per 1ea", "category": "Winter Essentials"},
{"title": "Nature's Own High Strength Echinacea 10000mg Capsules | 30 pack", "price": "$9.00", "price_calculation": "$30.00 per 100ea", "category": "Winter Essentials"},
{"title": "Epzen Magnesium Bath Crystals Soothe | 900g", "price": "$9.00", "price_calculation": "$1.00 per 100g", "category": "Winter Essentials"},
{"title": "Dari's Moroccan Harira Soup | 600g", "price": "$9.95", "price_calculation": "$1.66 per 100g", "category": "Winter Essentials"},
{"title": "Nyal Cold & Flu Fighter Day & Night Tablets | 24 pack", "price": "$11.00", "price_calculation": "$0.46 per 1ea", "category": "Winter Essentials"},
{"title": "Dari's Chicken & Corn Soup | 1.2kg", "price": "$12.45", "price_calculation": "$1.04 per 100g", "category": "Winter Essentials"},
{"title": "Dimetapp Kids 2+ Black Elderberry Cold & Flu Liquid | 200mL", "price": "$15.00", "price_calculation": "$7.50 per 100mL", "category": "Winter Essentials"},
{"title": "Strepsils Extra Honey and Lemon Fast Numbing Sore Throat Pain Relief with Anaesthetic 36 Lozenges | 1 pack", "price": "$17.00", "price_calculation": "$17.00 per 1ea", "category": "Winter Essentials"},
{"title": "Oil Garden Clear Mind Oil | 12mL", "price": "$17.00", "price_calculation": "$141.67 per 100mL", "category": "Winter Essentials"},
{"title": "Comvita Olive Leaf Extract High Strength Capsules | 60 pack", "price": "$23.00", "price_calculation": "$0.38 per 1ea", "category": "Winter Essentials"},
{"title": "Natures Way High Strength Gummies Sugar Free Zinc+ | 60 pack", "price": "$25.00", "price_calculation": "$0.42 per 1ea", "category": "Winter Essentials"},
{"title": "Seiki 500 Watt Space Heater | 1 each", "price": "$31.00", "price_calculation": "$31.00 per 1ea", "category": "Winter Essentials"},
{"title": "Swisse Ultiboost Immune Action | 60 pack", "price": "$32.00", "price_calculation": "$53.33 per 100ea", "category": "Winter Essentials"},
{"title": "Comvita Olive Leaf Extract Natural | 500mL", "price": "$32.50", "price_calculation": "$6.50 per 100mL", "category": "Winter Essentials"},
{"title": "Seiki 1000 Watt Quartz Heater | 1 each", "price": "$40.00", "price_calculation": "$40.00 per 1ea", "category": "Winter Essentials"},
{"title": "Seiki 1500 Watt Personal Ceramic Heater | 1 each", "price": "$45.00", "price_calculation": "$45.00 per 1ea", "category": "Winter Essentials"},
{"title": "Seiki 5 Fin Column Oil Heater | 1 each", "price": "$49.00", "price_calculation": "$49.00 per 1ea", "category": "Winter Essentials"},
{"title": "Seiki 1500 Watt 360 Degree Ceramic Heater | 1 each", "price": "$59.00", "price_calculation": "$59.00 per 1ea", "category": "Winter Essentials"},
{"title": "Twinings English Breakfast Tea Bags 100 pack | 200g", "price": "$13.50", "price_calculation": "$0.14 per 1ea", "category": "Winter Essentials"},
{"title": "St Dalfour Strawberry Spread | 284g", "price": "$5.70", "price_calculation": "$2.01 per 100g", "category": "Winter Essentials"},
{"title": "Capilano Pure Honey Squeeze | 500g", "price": "$6.80", "price_calculation": "$1.36 per 100g", "category": "Winter Essentials"},
{"title": "Coles Carisma Washed Potatoes | 2kg", "price": "$7.50", "price_calculation": "$3.75 per 1kg", "category": "Winter Essentials"},
{"title": "Cadbury Drinking Chocolate | 450g", "price": "$6.00", "price_calculation": "$1.33 per 100g", "category": "Winter Essentials"},
{"title": "Coles Lamb Whole Lamb Leg Roast | approx 2.8kg", "price": "$33.60", "price_calculation": "$12.00 per 1kg", "category": "Winter Essentials"},
{"title": "Moccona Classic Medium Roast Instant Coffee | 400g", "price": "$18.00", "price_calculation": "$4.50 per 100g", "category": "Winter Essentials"},
{"title": "Coles Quick Oats | 900g", "price": "$1.65", "price_calculation": "$0.18 per 100g", "category": "Winter Essentials"},
{"title": "Nestle Milo Chocolate Malt Powder Drink | 460g", "price": "$9.40", "price_calculation": "$2.04 per 100g", "category": "Winter Essentials"},
{"title": "-196 Double Lemon & Vodka Can 330ml | 4 Pack", "price": "$24.00", "price_calculation": "$18.18 per 1L", "category": "Winter Essentials"},
{"title": "Coles Kitchen Garlic Baguette Twin Pack | 450g", "price": "$2.90", "price_calculation": "$0.64 per 100g", "category": "Winter Essentials"},
{"title": "Coles Lamb Leg Roast Half | approx 1.74kg", "price": "$26.10", "price_calculation": "$15.00 per 1kg", "category": "Winter Essentials"},
{"title": "Sorbent Facial Tissues Everyday | 150 pack", "price": "$1.90", "price_calculation": "$1.27 per 100ea", "category": "Winter Essentials"},
{"title": "Nescafe Blend 43 Instant Coffee | 150g", "price": "$5.75", "price_calculation": "$3.83 per 100g", "category": "Winter Essentials"},
{"title": "Continental Cup A Soup Creamy Chicken & Corn With Croutons Serves 2 | 60g", "price": "$2.80", "price_calculation": "$4.67 per 100g", "category": "Winter Essentials"},
{"title": "Kleenex Aloe Vera & Vitamin E 3 Ply Large & Thick Facial Tissues | 70 pack", "price": "$2.60", "price_calculation": "$3.71 per 100ea", "category": "Winter Essentials"},
{"title": "Vegemite Spread | 220g", "price": "$4.70", "price_calculation": "$2.14 per 100g", "category": "Winter Essentials"},
{"title": "Bonne Maman Strawberry Jam | 370g", "price": "$5.35", "price_calculation": "$1.45 per 100g", "category": "Winter Essentials"},
{"title": "Coles Large Grapefruit Ruby Red | approx 375g", "price": "$1.46", "price_calculation": "$3.90 per 1kg", "category": "Winter Essentials"},
{"title": "Heinz Big Red Tomato Soup Can | 420g", "price": "$2.00", "price_calculation": "$0.48 per 100g", "category": "Winter Essentials"},
{"title": "Jack Daniels Double Jack and Cola Can 375mL | 4 Pack", "price": "$28.00", "price_calculation": "$18.67 per 1L", "category": "Winter Essentials"},
{"title": "Sorbent 2 Ply Thick & Large White Facial Tissues | 95 pack", "price": "$2.20", "price_calculation": "$2.32 per 100ea", "category": "Winter Essentials"},
{"title": "Jim Beam White Label Bourbon 700mL | 1 Each", "price": "$45.00", "price_calculation": "$64.29 per 1L", "category": "Winter Essentials"},
{"title": "Campbell's Country Ladle Soup Can Minestrone | 495g", "price": "$2.25", "price_calculation": "$0.45 per 100g", "category": "Winter Essentials"},
{"title": "Coles Bagels Plain 4 pack | 360g", "price": "$2.50", "price_calculation": "$0.69 per 100g", "category": "Winter Essentials"},
{"title": "Continental Cup A Soup Creamy Chicken With Lots Of Noodles Serves 2 | 60g", "price": "$2.80", "price_calculation": "$4.67 per 100g", "category": "Winter Essentials"},
{"title": "Selaks Taste Collection Buttery Chardonnay 750mL | 1 Each", "price": "$13.00", "price_calculation": null, "category": "Winter Essentials"},
{"title": "Nutella Hazelnut Spread With Cocoa | 1kg", "price": "$11.00", "price_calculation": "$1.10 per 100g", "category": "Winter Essentials"},
{"title": "Campbell's Real Stock Vegetable Stock | 1L", "price": "$2.25", "price_calculation": "$0.23 per 100mL", "category": "Winter Essentials"},
{"title": "Continental Cup A Soup Creamy Chicken with Croutons Serves 2 | 60g", "price": "$2.80", "price_calculation": "$4.67 per 100g", "category": "Winter Essentials"},
{"title": "Campbell's Country Ladle Soup Can Chicken & Sweet Corn | 505g", "price": "$2.25", "price_calculation": "$0.45 per 100g", "category": "Winter Essentials"},
{"title": "Campbell's Chunky Soup Can Beef & Veg | 505g", "price": "$2.25", "price_calculation": "$0.45 per 100g", "category": "Winter Essentials"},
{"title": "Asahi Super Dry Bottle 330mL | 24 Pack", "price": "$53.00", "price_calculation": "$0.67 per 100mL", "category": "Winter Essentials"},
{"title": "Campbell's Country Ladle Soup Can Butternut Pumpkin | 505g", "price": "$2.25", "price_calculation": "$0.45 per 100g", "category": "Winter Essentials"},
{"title": "Kleenex Everyday 2 Ply Kids Facial Tissues | 200 pack", "price": "$3.00", "price_calculation": "$1.50 per 100ea", "category": "Winter Essentials"},
{"title": "Pepperjack Cabernet Sauvignon 750mL | 1 Each", "price": "$25.00", "price_calculation": "$33.33 per 1L", "category": "Winter Essentials"},
{"title": "Sorbent Facial Tissues Thick N Large Hypo Allergenic | 95 pack", "price": "$2.20", "price_calculation": "$2.32 per 100ea", "category": "Winter Essentials"},
{"title": "Johnnie Walker Red Label Scotch Whisky 1L | 1 Each", "price": "$64.00", "price_calculation": "$64.00 per 1L", "category": "Winter Essentials"},
{"title": "Guinness Draught Can 440mL | 6 Pack", "price": "$20.00", "price_calculation": "$7.58 per 1L", "category": "Winter Essentials"},
{"title": "John Samson Scotch Whisky 700mL | 1 Each", "price": "$39.00", "price_calculation": "$55.72 per 1L", "category": "Winter Essentials"},
{"title": "Bega Smooth Peanut Butter | 780g", "price": "$7.50", "price_calculation": "$0.96 per 100g", "category": "Winter Essentials"},
{"title": "Coles Corned Silverside | approx 1.4kg", "price": "$14.00", "price_calculation": "$10.00 per 1kg", "category": "Winter Essentials"},
{"title": "Continental Cup A Soup Asian Laksa Serves 2 | 65g", "price": "$2.80", "price_calculation": "$4.31 per 100g", "category": "Winter Essentials"},
{"title": "Sorbent 4 Ply Pocket Pack White Facial Tissues | 6 pack", "price": "$2.20", "price_calculation": "$3.67 per 100ea", "category": "Winter Essentials"},
{"title": "Sorbent Hypo Allergenic White Facial Tissues | 200 pack", "price": "$2.70", "price_calculation": "$1.35 per 100ea", "category": "Winter Essentials"},
{"title": "Winton Road Barossa Valley Shiraz 750mL | 1 Each", "price": "$20.00", "price_calculation": "$26.67 per 1L", "category": "Winter Essentials"},
{"title": "Jack Daniels & Cola Can 375mL | 6 Pack", "price": "$34.50", "price_calculation": "$1.53 per 100mL", "category": "Winter Essentials"},
{"title": "Coles Finest Pain Au Chocolate Single | 1 each", "price": "$3.00", "price_calculation": "$3.00 per 1ea", "category": "Bonus Cookware Credits"},
{"title": "Maggi Stir Fry Creations Chinese BBQ Pork | 150g", "price": "$3.50", "price_calculation": "$2.33 per 100g", "category": "Bonus Cookware Credits"},
{"title": "U by Kotex Tampons Super | 16 pack", "price": "$5.00", "price_calculation": "$0.31 per 1ea", "category": "Bonus Cookware Credits"},
{"title": "Coles Finest Balsamic Vinegar Of Modena | 250mL", "price": "$6.00", "price_calculation": "$2.40 per 100mL", "category": "Bonus Cookware Credits"},
{"title": "Glad To Be Green 50% Ocean Recycled Garbage Bags 75l | 12 pack", "price": "$6.00", "price_calculation": "$0.50 per 1ea", "category": "Bonus Cookware Credits"},
{"title": "Optimum Dog Treat Muesli Bars With Chicken Coconut & Kefir Digestion | 4 pack", "price": "$6.00", "price_calculation": "$1.50 per 1ea", "category": "Bonus Cookware Credits"},
{"title": "Optimum Dog Treat Cookies With Salmon & Chia | 6 pack", "price": "$6.00", "price_calculation": "$1.00 per 1ea", "category": "Bonus Cookware Credits"},
{"title": "Optimum Dog Treat Protein Bites With Fish & Spinach | 75g", "price": "$6.00", "price_calculation": "$8.00 per 100g", "category": "Bonus Cookware Credits"},
{"title": "Magnum Ice Cream Dairy Free Sea Salt Caramel 3Pack | 270mL", "price": "$6.50", "price_calculation": "$2.41 per 100mL", "category": "Bonus Cookware Credits"},
{"title": "Coles Finest Australian Artisan Crispbread With Olive Oil And Sea Salt | 150g", "price": "$7.00", "price_calculation": "$4.67 per 100g", "category": "Bonus Cookware Credits"},
{"title": "Colgate Interdental Brush Size 3 | 8 pack", "price": "$7.00", "price_calculation": "$0.88 per 1ea", "category": "Bonus Cookware Credits"},
{"title": "Rexona Women Antiperspirant Pump Sport Deodorant | 150mL", "price": "$7.80", "price_calculation": "$5.20 per 100mL", "category": "Bonus Cookware Credits"},
{"title": "Air Wick Odour Neutralising Spray Eucalyptus & Freesia | 236mL", "price": "$8.00", "price_calculation": "$0.34 per 10mL", "category": "Bonus Cookware Credits"},
{"title": "Rexona Women Antiperspirant Aerosol Advanced Invisible Dry Fresh Deodorant | 220mL", "price": "$8.50", "price_calculation": "$3.86 per 100mL", "category": "Bonus Cookware Credits"},
{"title": "Botanica Island Rose & African Geranium Reed Diffuser | 80mL", "price": "$10.00", "price_calculation": "$1.25 per 10mL", "category": "Bonus Cookware Credits"},
{"title": "Botanica Reed Diffuser Eucalyptus & Mediterranean Sage | 80mL", "price": "$10.00", "price_calculation": "$1.25 per 10mL", "category": "Bonus Cookware Credits"},
{"title": "Colgate Total Toothpaste Plaque Release & Gum Gentle Fragrant Mint | 95g", "price": "$10.00", "price_calculation": "$10.53 per 100g", "category": "Bonus Cookware Credits"},
{"title": "Colgate Total Toothpaste Plaque Release & Gum Farm Natural Mint | 95g", "price": "$10.00", "price_calculation": "$10.53 per 100g", "category": "Bonus Cookware Credits"},
{"title": "Dove Women Clinical Protection Aerosol Original Clean Antiperspirant | 180mL", "price": "$11.00", "price_calculation": "$6.11 per 100mL", "category": "Bonus Cookware Credits"},
{"title": "Bref Blue Active Flower Blossom 2 Pack | 100g", "price": "$11.00", "price_calculation": "$11.00 per 100g", "category": "Bonus Cookware Credits"},
{"title": "Coles Finest Grana Padano DOP | 200g", "price": "$11.50", "price_calculation": "$57.50 per 1kg", "category": "Bonus Cookware Credits"},
{"title": "Rexona Women Antiperspirant Cream Clinical Shower Clean | 45mL", "price": "$13.00", "price_calculation": "$28.89 per 100mL", "category": "Bonus Cookware Credits"},
{"title": "Dove Men + Care Clinical Protection Clean Comfort | 45mL", "price": "$13.00", "price_calculation": "$28.89 per 100mL", "category": "Bonus Cookware Credits"},
{"title": "Botanica Vanilla & Himalayan Magnolia Fragrance Refills | 38mL", "price": "$13.15", "price_calculation": "$3.46 per 10mL", "category": "Bonus Cookware Credits"},
{"title": "Botanica Fresh Pineapple & Tunisian Rosemary Fragrance Refills | 38mL", "price": "$13.15", "price_calculation": "$3.46 per 10mL", "category": "Bonus Cookware Credits"},
{"title": "Air Wick Life Scents Turquoise Oasis Liquid Electrical Prime | 19mL", "price": "$14.00", "price_calculation": "$7.37 per 10mL", "category": "Bonus Cookware Credits"},
{"title": "Air Wick Pure Spring Delight Fragrance Infused with Essential Oil 19mL | 1 pack", "price": "$14.00", "price_calculation": "$14.00 per 1ea", "category": "Bonus Cookware Credits"},
{"title": "Air Wick Pure Cherry Blossom Fragrance Infused With Essential Oil 19mL | 1 pack", "price": "$14.00", "price_calculation": "$14.00 per 1ea", "category": "Bonus Cookware Credits"},
{"title": "Air Wick Vanilla & Soft Cashmere Essential Oils | 21mL", "price": "$14.00", "price_calculation": "$6.67 per 10mL", "category": "Bonus Cookware Credits"},
{"title": "Botanica Vanilla & Himalayan Magnolia Candle | 1 each", "price": "$14.00", "price_calculation": "$14.00 per 1ea", "category": "Bonus Cookware Credits"},
{"title": "Botanica Moroccan Mint & Pink Grapefruit Candle | 1 each", "price": "$14.00", "price_calculation": "$14.00 per 1ea", "category": "Bonus Cookware Credits"},
{"title": "Colgate Optic White ReneWal Vibrant Clean Teeth Whitening Toothpaste With 3% Hydrogen Peroxide | 85g", "price": "$15.00", "price_calculation": "$17.65 per 100g", "category": "Bonus Cookware Credits"},
{"title": "Vanish Napisan Gold Multi Power Crystal White Stain Remover & Laundry Booster Powder | 1kg", "price": "$17.00", "price_calculation": "$17.00 per 1kg", "category": "Bonus Cookware Credits"},
{"title": "Vanish Napisan Gold Multi Power 0% Stain Remover & Laundry Booster Powder | 1kg", "price": "$17.00", "price_calculation": "$17.00 per 1kg", "category": "Bonus Cookware Credits"},
{"title": "U by Kotex Thinx Period Underwear Black Bikini Size 10 | 1 each", "price": "$20.00", "price_calculation": "$20.00 per 1ea", "category": "Bonus Cookware Credits"},
{"title": "Fancy Feast Dry Cat Food Tuna Prawn Mackerel & Crab Flavour | 1.4kg", "price": "$21.00", "price_calculation": "$1.50 per 100g", "category": "Bonus Cookware Credits"},
{"title": "Colgate Pulse Electric Brush Refill Deep Clean | 4 pack", "price": "$21.00", "price_calculation": "$5.25 per 1ea", "category": "Bonus Cookware Credits"},
{"title": "Colgate Pulse Electric Toothbrush Refills Whitening | 4 pack", "price": "$21.00", "price_calculation": "$5.25 per 1ea", "category": "Bonus Cookware Credits"},
{"title": "Air Wick Vanilla & Cashmere Essential Oil Fragmatic Spray | 174g", "price": "$22.00", "price_calculation": "$22.00 per 1ea", "category": "Bonus Cookware Credits"},
{"title": "Optimum Chicken Rice With Vegetables Dry Dog Food | 3kg", "price": "$22.00", "price_calculation": "$0.73 per 100g", "category": "Bonus Cookware Credits"},
{"title": "U by Kotex Thinx Period Underwear Ruby High Waisted Size 10 | 1 pack", "price": "$25.00", "price_calculation": "$25.00 per 1ea", "category": "Bonus Cookware Credits"},
{"title": "Hinata Short Grain Rice | 5kg", "price": "$30.00", "price_calculation": "$0.60 per 100g", "category": "Bonus Cookware Credits"},
{"title": "Air Wick Essential Mist Prime Happiness | 1 pack", "price": "$35.00", "price_calculation": "$35.00 per 1ea", "category": "Bonus Cookware Credits"},
{"title": "Air Wick Essential Mist Prime Peace | 1 pack", "price": "$35.00", "price_calculation": "$35.00 per 1ea", "category": "Bonus Cookware Credits"},
{"title": "Optimum Dry Dog Food Chicken Vegetables & Rice | 15kg", "price": "$91.50", "price_calculation": "$0.61 per 100g", "category": "Bonus Cookware Credits"},
{"title": "Colgate Optic White Flexlight Led Kit & Pen | 1 pack", "price": "$100.00", "price_calculation": "$100.00 per 1ea", "category": "Bonus Cookware Credits"},
{"title": "Bulla Murray Street Vanilla & Boysenberry Swirl | 1L", "price": "$12.00", "price_calculation": "$1.20 per 100mL", "category": "Bonus Cookware Credits"},
{"title": "Bulla Murray Street Ice Cream Honey & Salted Caramel Peanut | 1L", "price": "$12.00", "price_calculation": "$1.20 per 100mL", "category": "Bonus Cookware Credits"},
{"title": "Rexona Women Clinical Protection Antiperspirant Cream Gentle Dry | 45mL", "price": "$13.00", "price_calculation": "$28.89 per 100mL", "category": "Bonus Cookware Credits"},
{"title": "Dove Antiperspirant Cream Pomegranate | 45mL", "price": "$13.00", "price_calculation": "$28.89 per 100mL", "category": "Bonus Cookware Credits"},
{"title": "Optimum Healthy Weight Chunks In Jelly Chicken Cat Food 12x85g | 12 pack", "price": "$13.00", "price_calculation": "$1.27 per 100g", "category": "Bonus Cookware Credits"},
{"title": "Air Wick Life Scents Reeds Mystical Garden | 30mL", "price": "$14.00", "price_calculation": "$4.67 per 10mL", "category": "Bonus Cookware Credits"},
{"title": "Dove Conditioner Nourishing Moisture | 820mL", "price": "$17.00", "price_calculation": "$2.07 per 100mL", "category": "Bonus Cookware Credits"},
{"title": "Dove Conditioner Restoring Ritual | 820mL", "price": "$17.00", "price_calculation": "$2.07 per 100mL", "category": "Bonus Cookware Credits"},
{"title": "Airwick Essential Oil Air Freshener Electric Refill Vanilla & Soft Cashmere Triple 21mL | 3 pack", "price": "$18.00", "price_calculation": "$2.86 per 10mL", "category": "Bonus Cookware Credits"},
{"title": "Vanish Napisan Gold Multi Power Stain Remover & Laundry Booster Powder | 1kg", "price": "$17.00", "price_calculation": "$17.00 per 1kg", "category": "Bonus Cookware Credits"},
{"title": "Optimum Grainfree Dry Cat Food Adult Chicken | 1.8kg", "price": "$19.00", "price_calculation": "$1.06 per 100g", "category": "Bonus Cookware Credits"},
{"title": "Somat Excellence Dishwashing Tablets | 30 pack", "price": "$18.00", "price_calculation": "$0.60 per 1ea", "category": "Bonus Cookware Credits"},
{"title": "Vanish Napisan Crystal White Oxi Action Pre Treat In Wash & Powder Laundry Soak | 2kg", "price": "$19.00", "price_calculation": "$9.50 per 1kg", "category": "Bonus Cookware Credits"},
{"title": "Bref Power Active Ocean Breeze Twin Pack | 100g", "price": "$11.00", "price_calculation": "$11.00 per 100g", "category": "Bonus Cookware Credits"},
{"title": "Vanish Napisan Oxi Action Powder Stain Remover | 2kg", "price": "$19.00", "price_calculation": "$9.50 per 1kg", "category": "Bonus Cookware Credits"},
{"title": "Coles Finest Australian Organic Washed Rind | approx 500g ", "price": "$39.00", "price_calculation": "$78.00 per 1kg", "category": "Bonus Cookware Credits"},
{"title": "Bref Blue Active In Bowl Eucalyptus Twin Pack | 100g", "price": "$11.00", "price_calculation": null, "category": "Bonus Cookware Credits"},
{"title": "Dynamo Professional 7 In 1 Discs | 28 pack", "price": "$20.00", "price_calculation": "$0.71 per 1ea", "category": "Bonus Cookware Credits"},
{"title": "Continental Sensation Sweet Potato Pumpkin & Caramelised Onion Soup Serves 2 | 63g", "price": "$1.75", "price_calculation": "$2.78 per 100g", "category": "Bonus Cookware Credits"},
{"title": "Bref Deluxe Moonflower Twin Pack | 100g", "price": "$11.00", "price_calculation": "$11.00 per 100g", "category": "Bonus Cookware Credits"},
{"title": "Dynamo Professional Oxi Laundry Capsules | 28 pack", "price": "$20.00", "price_calculation": "$0.71 per 1ea", "category": "Bonus Cookware Credits"},
{"title": "Uncle Tobys Quick Oats Cups Creamy Honey | 50g", "price": "$2.00", "price_calculation": "$4.00 per 100g", "category": "Bonus Cookware Credits"},
{"title": "Nescafe Flat White Coffee Sachets | 26 pack", "price": "$11.00", "price_calculation": "$0.42 per 1ea", "category": "Bonus Cookware Credits"},
{"title": "Colgate Optic White Pro Series Vividly Fresh Teeth Whitening Toothpaste | 80g", "price": "$20.00", "price_calculation": "$25.00 per 100g", "category": "Bonus Cookware Credits"},
{"title": "Coles Finest Fig & Walnut Pepperberry Paste | 100g", "price": "$3.15", "price_calculation": "$3.15 per 100g", "category": "Bonus Cookware Credits"},
{"title": "Rexona Women Clinical Protection Antiperspirant Deodorant Sheer Powder | 45mL", "price": "$13.00", "price_calculation": "$28.89 per 100mL", "category": "Bonus Cookware Credits"},
{"title": "L'Or Espresso Supremo Capsules | 40 pack", "price": "$22.00", "price_calculation": "$0.55 per 1ea", "category": "Bonus Cookware Credits"},
{"title": "Maggi Stir Fry Creations Honey Soy & Garlic Chicken | 150g", "price": "$3.50", "price_calculation": "$2.33 per 100g", "category": "Bonus Cookware Credits"},
{"title": "Rexona Women Clinical Protection Antiperspirant Deodorant Stress Control | 45mL", "price": "$13.00", "price_calculation": "$28.89 per 100mL", "category": "Bonus Cookware Credits"},
{"title": "I&J The Finest Frozen Salmon Portions Skin Off | 500g", "price": "$23.00", "price_calculation": "$46.00 per 1kg", "category": "Bonus Cookware Credits"},
{"title": "Maggi Stir Fry Creations Teriyaki & Sesame Chicken | 150g", "price": "$3.50", "price_calculation": "$2.33 per 100g", "category": "Bonus Cookware Credits"},
{"title": "Optimum Kitten Healthy Development Chunks In Jelly Salmon Cat Food 12x85g | 12 pack", "price": "$13.00", "price_calculation": "$1.27 per 100g", "category": "Bonus Cookware Credits"},
{"title": "Heinz Spaghetti in Tomato Sauce Pasta | 535g", "price": "$3.50", "price_calculation": "$6.54 per 1kg", "category": "Bonus Cookware Credits"},
{"title": "Maggi Stir Fry Creations Chinese Five Spice & Soy Beef | 150g", "price": "$3.50", "price_calculation": "$2.33 per 100g", "category": "Bonus Cookware Credits"},
{"title": "Colgate Peroxyl Oral Cleanser Mouthwash | 236mL", "price": "$13.00", "price_calculation": "$5.51 per 100mL", "category": "Bonus Cookware Credits"},
{"title": "Maggi Stir Fry Creations Pad Thai | 150g", "price": "$3.50", "price_calculation": "$2.33 per 100g", "category": "Bonus Cookware Credits"},
{"title": "Heinz Beanz Salt Reduced | 555g", "price": "$3.50", "price_calculation": "$6.31 per 1kg", "category": "Bonus Cookware Credits"},
{"title": "Rexona Men Clinical Protection Antiperspirant Deodorant Active Fresh | 45mL", "price": "$13.00", "price_calculation": "$28.89 per 100mL", "category": "Bonus Cookware Credits"},
{"title": "Philadelphia Portions Cream Cheese Garlic Spread | 150g", "price": "$4.00", "price_calculation": "$26.67 per 1kg", "category": "Bonus Cookware Credits"},
{"title": "Glad To Be Green Sandwich Snaplock Plant Based Bags | 40 pack", "price": "$3.50", "price_calculation": "$0.09 per 1ea", "category": "Bonus Cookware Credits"},
{"title": "Colgate Neutrafluor Mouthwash Alcohol Free | 473mL", "price": "$14.00", "price_calculation": "$2.96 per 100mL", "category": "Bonus Cookware Credits"},
{"title": "Rexona Womens Invisible Shower Fresh Roll On Deodorant  | 50mL", "price": "$4.50", "price_calculation": "$9.00 per 100mL", "category": "Bonus Cookware Credits"},
{"title": "Air Wick Pure Air Freshener Spray Cherry Blossom | 159g", "price": "$4.00", "price_calculation": "$2.52 per 100g", "category": "Bonus Cookware Credits"},
{"title": "Colgate Optic White Pro Series Teeth Whitening Toothpaste Enamel Safe With 5% Hydrogen Peroxide | 80g", "price": "$20.00", "price_calculation": "$25.00 per 100g", "category": "Bonus Cookware Credits"},
{"title": "U by Kotex Maternity Pads No Wings | 10 pack", "price": "$5.00", "price_calculation": "$0.50 per 1ea", "category": "Bonus Cookware Credits"},
{"title": "Uncle Tobys Goodness Bowl Wholegrain Flakes Apple Raspberry And Coconut | 550g", "price": "$4.55", "price_calculation": "$0.83 per 100g", "category": "Bonus Cookware Credits"},
{"title": "Sensodyne Repair & Protect + Whitening Toothpaste Twin Pack | 2 pack", "price": "$21.00", "price_calculation": "$10.50 per 1ea", "category": "Bonus Cookware Credits"},
{"title": "Nescafe 98% SF Caramel Coffee Sachets | 10 pack", "price": "$7.60", "price_calculation": "$0.76 per 1ea", "category": "Bonus Cookware Credits"},
{"title": "Maggi Original Liquid Seasoning | 200mL", "price": "$5.00", "price_calculation": "$50.00 per 10mL", "category": "Bonus Cookware Credits"},
{"title": "Optimum Chicken & Rice Dog Food Trays 100g | 24 pack", "price": "$28.50", "price_calculation": "$1.19 per 100g", "category": "Bonus Cookware Credits"},
{"title": "Nescafe Skim Cappuccino Coffee Sachets | 10 pack", "price": "$7.60", "price_calculation": "$0.76 per 1ea", "category": "Bonus Cookware Credits"},
{"title": "Uncle Tobys Goodness Bowl Low Sugar Muesli Berries & Coconut | 650g", "price": "$5.00", "price_calculation": "$0.77 per 100g", "category": "Bonus Cookware Credits"},
{"title": "Finish Ultimate All In One Lemon | 50 pack", "price": "$33.00", "price_calculation": "$0.66 per 1ea", "category": "Bonus Cookware Credits"},
{"title": "Rexona Clinical Protection Antiperspirant Roll On Shower Clean  | 50mL", "price": "$8.00", "price_calculation": "$16.00 per 100mL", "category": "Bonus Cookware Credits"},
{"title": "Bulla Creamy Classic Chocolate Hazlenut Stick | 360mL", "price": "$5.20", "price_calculation": null, "category": "Bonus Cookware Credits"},
{"title": "Finish 0% Ultimate Pro Dishwashing Tablets | 34 pack", "price": "$48.00", "price_calculation": "$1.41 per 1ea", "category": "Bonus Cookware Credits"},
{"title": "Air Wick Odour Neutralising Spray Lavender & Lily Of The Valley | 236mL", "price": "$8.00", "price_calculation": "$0.34 per 10mL", "category": "Bonus Cookware Credits"},
{"title": "Dove Men+Care Shampoo Anti Dandruff | 300mL", "price": "$5.50", "price_calculation": "$1.83 per 100mL", "category": "Bonus Cookware Credits"},
{"title": "Optimum Puppy Chicken Wet Dog Food Tray | 100g", "price": "$1.80", "price_calculation": "$1.80 per 100g", "category": "Bonus Cookware Credits"},
{"title": "Dove Antiperspirant Aerosol Peach Lemon Verbena Zero Almnm | 200mL", "price": "$8.50", "price_calculation": "$4.25 per 100mL", "category": "Bonus Cookware Credits"},
{"title": "Rexona Men Sport Defence Antiperspirant Roll On Deodorant | 52g", "price": "$5.50", "price_calculation": "$10.58 per 100g", "category": "Bonus Cookware Credits"},
{"title": "Continental Four Cheeses Pasta & Sauce Serves 3 | 100g", "price": "$2.80", "price_calculation": "$2.80 per 100g", "category": "Bonus Cookware Credits"},
{"title": "Rexona Men Advanced Antiperspirant Deodorant Lemon Crush | 220mL", "price": "$8.50", "price_calculation": "$3.86 per 100mL", "category": "Bonus Cookware Credits"},
{"title": "Coles Finest Filled Pasta Pumpkin | 350g", "price": "$6.00", "price_calculation": "$1.71 per 100g", "category": "Bonus Cookware Credits"},
{"title": "Coles Finest Artisan Beetroot Crispbread | 130g", "price": "$3.20", "price_calculation": "$2.46 per 100g", "category": "Bonus Cookware Credits"},
{"title": "Botanica Vanilla & Himalayan Magnolia Reed Diffuser | 80mL", "price": "$10.00", "price_calculation": "$1.25 per 10mL", "category": "Bonus Cookware Credits"},
{"title": "Colgate 2 in 1 Liquid Gel Whitening Toothpaste & Mouthwash | 130g", "price": "$6.50", "price_calculation": "$5.00 per 100g", "category": "Bonus Cookware Credits"},
{"title": "Maggi Stir Fry Creations Sweet Chilli Ginger & Lemongrass Chicken | 150g", "price": "$3.50", "price_calculation": "$2.33 per 100g", "category": "Bonus Cookware Credits"},
{"title": "I&J Salt & Pepper Squid Stick | 800g", "price": "$10.00", "price_calculation": "$12.50 per 1kg", "category": "Bonus Cookware Credits"},
{"title": "Uncle Tobys Shredded Wheat Cereal | 270g", "price": "$6.50", "price_calculation": "$2.41 per 100g", "category": "Bonus Cookware Credits"},
{"title": "Heinz Beanz Ham Sauce | 555g", "price": "$3.50", "price_calculation": "$6.31 per 1kg", "category": "Bonus Cookware Credits"},
{"title": "Magnum Ice Cream Sweet & Salty Almond | 440mL", "price": "$10.50", "price_calculation": "$2.39 per 100mL", "category": "Bonus Cookware Credits"},
{"title": "Nescafe 98% SF Latte Coffee Sachets | 10 pack", "price": "$7.60", "price_calculation": "$0.76 per 1ea", "category": "Bonus Cookware Credits"},
{"title": "Glad To Be Green Snack Snaplock Plant Based Bags | 50 pack", "price": "$3.50", "price_calculation": "$7.00 per 100ea", "category": "Bonus Cookware Credits"},
{"title": "Coles Finest Tasmanian Goats Cheese | 300g", "price": "$10.70", "price_calculation": "$35.67 per 1kg", "category": "Bonus Cookware Credits"},
{"title": "Nescafe 98% SF Mocha Coffee Sachets | 10 pack", "price": "$7.60", "price_calculation": "$0.76 per 1ea", "category": "Bonus Cookware Credits"},
{"title": "Colgate Plax Kids Mouthwash | 250mL", "price": "$4.00", "price_calculation": "$1.60 per 100mL", "category": "Bonus Cookware Credits"},
{"title": "Rexona Protection Eucalyptus | 180mL", "price": "$11.00", "price_calculation": "$6.11 per 100mL", "category": "Bonus Cookware Credits"},
{"title": "U by Kotex Tampons Regular | 32 pack", "price": "$8.00", "price_calculation": "$0.25 per 1ea", "category": "Bonus Cookware Credits"},
{"title": "Air Wick Pure Spring Delight Air Freshener | 159g", "price": "$4.00", "price_calculation": "$2.52 per 100g", "category": "Bonus Cookware Credits"},
{"title": "Bulla Murray Street Ice Cream Caramel Swirl & Shortbread | 1L", "price": "$12.00", "price_calculation": "$1.20 per 100mL", "category": "Bonus Cookware Credits"},
{"title": "Rexona Women Antiperspirant Aerosol Advanced Invisible Dry Pure Deodorant | 220mL", "price": "$8.50", "price_calculation": "$3.86 per 100mL", "category": "Bonus Cookware Credits"},
{"title": "Air Wick Soft Cotton Air Freshener Spray | 159g", "price": "$4.00", "price_calculation": "$2.52 per 100g", "category": "Bonus Cookware Credits"},
{"title": "Rexona Men Clinical Protection Antiperspirant Deodorant Clean Scent | 45mL", "price": "$13.00", "price_calculation": "$28.89 per 100mL", "category": "Bonus Cookware Credits"},
{"title": "Rexona Men Antiperspirant Aerosol Advanced Extra Cool Deodorant | 220mL", "price": "$8.50", "price_calculation": "$3.86 per 100mL", "category": "Bonus Cookware Credits"},
{"title": "Air Wick Air Freshener Spray Sparkling Citrus | 237g", "price": "$4.50", "price_calculation": "$1.90 per 100g", "category": "Bonus Cookware Credits"},
{"title": "Dynamo Professional 7 In 1 Discs | 14 pack", "price": "$13.00", "price_calculation": "$0.93 per 1ea", "category": "Bonus Cookware Credits"},
{"title": "Rexona Advanced Watermelon | 220mL", "price": "$8.50", "price_calculation": "$3.86 per 100mL", "category": "Bonus Cookware Credits"},
{"title": "Colgate Plax Mouthwash Bamboo Charcoal Mint | 250mL", "price": "$4.50", "price_calculation": "$1.80 per 100mL", "category": "Bonus Cookware Credits"},
{"title": "Rexona Men Clinical Protection Antiperspirant Deodorant Sport | 45mL", "price": "$13.00", "price_calculation": "$28.89 per 100mL", "category": "Bonus Cookware Credits"},
{"title": "Rexona Antiperspirant Coconut | 220mL", "price": "$8.50", "price_calculation": "$3.86 per 100mL", "category": "Bonus Cookware Credits"},
{"title": "Coles Finest Traditional Lavosh With Lemon Myrtle And Cracked Pepper | 100g", "price": "$5.00", "price_calculation": "$5.00 per 100g", "category": "Bonus Cookware Credits"},
{"title": "Air Wick Life Scents Reeds Turquoise Oasis | 30mL", "price": "$14.00", "price_calculation": "$4.67 per 10mL", "category": "Bonus Cookware Credits"},
{"title": "Colgate Optic White Expert Express Teeth Whitening Toothpaste With 2% Hydrogen Peroxide | 85g", "price": "$9.60", "price_calculation": "$11.29 per 100g", "category": "Bonus Cookware Credits"},
{"title": "Uncle Tobys Goodness Bowl Low Sugar Muesli Almonds & Cashews | 650g", "price": "$5.00", "price_calculation": "$0.77 per 100g", "category": "Bonus Cookware Credits"},
{"title": "Air Wick Vanilla & Soft Cashmere Electric Diffuser Air Freshener Refill Twin Pack | 42mL", "price": "$14.00", "price_calculation": "$3.33 per 10mL", "category": "Bonus Cookware Credits"},
{"title": "Sensodyne Pronamel Enamel Gentle Whitening Toothpaste | 110g", "price": "$9.70", "price_calculation": "$8.82 per 100g", "category": "Bonus Cookware Credits"},
{"title": "Vanish Preen Power Gel Pre-Wash Stain Remover | 200mL", "price": "$5.60", "price_calculation": "$28.00 per 1L", "category": "Bonus Cookware Credits"},
{"title": "Optimum Dry Dog Food Dental Care With Chicken | 3kg", "price": "$22.00", "price_calculation": "$0.73 per 100g", "category": "Bonus Cookware Credits"},
{"title": "Sensodyne Coolmint Mouthwash | 500mL", "price": "$9.90", "price_calculation": "$1.98 per 100mL", "category": "Bonus Cookware Credits"},
{"title": "Rexona Anti Persp Deodorant Cotton | 250mL", "price": "$6.00", "price_calculation": "$2.40 per 100mL", "category": "Bonus Cookware Credits"},
{"title": "Lindt Pralines Nougat | 200g", "price": "$22.00", "price_calculation": "$11.00 per 100g", "category": "Bonus Cookware Credits"},
{"title": "Botanica Caribbean Vetiver & Sandalwood Reed Diffuser | 80mL", "price": "$10.00", "price_calculation": "$1.25 per 10mL", "category": "Bonus Cookware Credits"},
{"title": "Colgate Interdental Brush Soft | 40 pack", "price": "$6.00", "price_calculation": "$0.15 per 1ea", "category": "Bonus Cookware Credits"},
{"title": "Coles Finest Red Leicester | approx 150g", "price": "$8.25", "price_calculation": "$55.00 per 1kg", "category": "Bonus Cookware Credits"},
{"title": "Bulla Murray Street Daintree Honey Swirl | 400mL", "price": "$10.00", "price_calculation": "$2.50 per 100mL", "category": "Bonus Cookware Credits"},
{"title": "Colgate Max White Medium Manual Toothbrush | 3 pack", "price": "$8.00", "price_calculation": "$2.67 per 1ea", "category": "Bonus Cookware Credits"},
{"title": "Optimum Kitten 2-12 Months Chunks In Jelly With Salmon Cat Food Pouch | 85g", "price": "$2.10", "price_calculation": "$2.47 per 100g", "category": "Bonus Cookware Credits"},
{"title": "Colgate Total Toothpaste Plaque Release & Gum Reviving Cool Mint | 95g", "price": "$10.00", "price_calculation": "$10.53 per 100g", "category": "Bonus Cookware Credits"},
{"title": "Optimum With Chicken Rice Vegetables | 6 pack", "price": "$8.00", "price_calculation": "$1.33 per 100g", "category": "Bonus Cookware Credits"},
{"title": "Colgate Optic White Expert Express Teeth Whitening Toothpaste With 2% Hydrogen Peroxide | 125g", "price": "$10.50", "price_calculation": "$8.40 per 100g", "category": "Bonus Cookware Credits"},
{"title": "Magnum Ice Cream Tahiti Passionfruit White Choc 4 Pack | 360mL", "price": "$8.00", "price_calculation": "$2.22 per 100mL", "category": "Bonus Cookware Credits"},
{"title": "Magnum Ice Cream Luxe Salted Caramel Tub | 440mL", "price": "$10.50", "price_calculation": "$2.39 per 100mL", "category": "Bonus Cookware Credits"},
{"title": "Airwick Odour Neutralising Spray Raspberry & Lime | 236mL", "price": "$8.00", "price_calculation": "$0.34 per 10mL", "category": "Bonus Cookware Credits"},
{"title": "Nescafe Green Blend Instant Coffee | 100g", "price": "$10.50", "price_calculation": "$10.50 per 100g", "category": "Bonus Cookware Credits"},
{"title": "Rexona Men Antiperspirant Aerosol Advanced Turbo Deodorant | 220mL", "price": "$8.50", "price_calculation": "$3.86 per 100mL", "category": "Bonus Cookware Credits"},
{"title": "Rexona Clinical Protection Summer Strength | 180mL", "price": "$11.00", "price_calculation": "$6.11 per 100mL", "category": "Bonus Cookware Credits"},
{"title": "I&J Frozen Tasty Calamari Salt & Pepper Lightly Crumbed Rings | 360g", "price": "$9.00", "price_calculation": "$25.00 per 1kg", "category": "Bonus Cookware Credits"},
{"title": "Colgate Bamboo Toothbrush Medium | 2 pack", "price": "$10.00", "price_calculation": "$5.00 per 1ea", "category": "Bonus Cookware Credits"},
{"title": "Magnum Ice Cream Luxe Gold Caramelised Chocolate Tub | 440mL", "price": "$10.50", "price_calculation": "$2.39 per 100mL", "category": "Bonus Cookware Credits"},
{"title": "Dove Antiperspirant Aerosol Clinical Pomegran | 180mL", "price": "$11.00", "price_calculation": "$6.11 per 100mL", "category": "Bonus Cookware Credits"},
{"title": "Nescafe 98% Sugar Free Mocha Sachets 14g | 26 pack", "price": "$11.00", "price_calculation": "$3.67 per 1ea", "category": "Bonus Cookware Credits"},
{"title": "Bref Power Active Tropical Escapes Hawaii 2x50g | 100g", "price": "$11.00", "price_calculation": "$11.00 per 100g", "category": "Bonus Cookware Credits"},
{"title": "Colgate Kids Sonic Battery Toothbrush | 1 each", "price": "$12.00", "price_calculation": "$12.00 per 1ea", "category": "Bonus Cookware Credits"},
{"title": "Codral Cold & Flu + Mucus Cough Capsules | 16 pack", "price": "$16.50", "price_calculation": "$1.03 per 1ea", "category": "Winter Essentials"},
{"title": "Sudafed PE Sinus Pain Relief + Anti Inflammatory Double Action Tablets | 20 pack", "price": "$16.50", "price_calculation": "$0.83 per 1ea", "category": "Winter Essentials"},
{"title": "Swisse Ultiboost Daily Immune Support | 60 pack", "price": "$21.00", "price_calculation": "$35.00 per 100ea", "category": "Winter Essentials"},
{"title": "Cook & Dine Aluminium Stock Pot 24cm | 1 each", "price": "$22.00", "price_calculation": "$22.00 per 1ea", "category": "Winter Essentials"},
{"title": "Seiki 2000 Watt Upright Fan Heater | 1 each", "price": "$25.00", "price_calculation": "$25.00 per 1ea", "category": "Winter Essentials"},
{"title": "Swisse Ultiboost Zinc+ | 120 pack", "price": "$27.00", "price_calculation": "$22.50 per 100ea", "category": "Winter Essentials"},
{"title": "Swisse Ultiboost Vitamin C Effervescent Tablets | 60 pack", "price": "$36.00", "price_calculation": "$0.60 per 1ea", "category": "Winter Essentials"},
{"title": "Hinkler Shaped Colouring Book Assorted | 1 each", "price": "$3.80", "price_calculation": "$3.80 per 1ea", "category": "Winter Essentials"},
{"title": "Coles Chest Rub Ointment | 100g", "price": "$4.00", "price_calculation": "$4.00 per 100g", "category": "Winter Essentials"},
{"title": "Cenovis Garlic Capsules For Immune Support | 60 pack", "price": "$6.36", "price_calculation": "$0.11 per 1ea", "category": "Winter Essentials"},
{"title": "Mix Women's Home Size 5-11 | 2 pack", "price": "$7.00", "price_calculation": "$3.50 per 1ea", "category": "Winter Essentials"},
{"title": "Nature's Own Cold Sore Relief Double Strength Tablets | 50 pack", "price": "$7.98", "price_calculation": "$0.16 per 1ea", "category": "Winter Essentials"},
{"title": "Cook & Dine 24 Cup Mini Muffin Tray | 1 each", "price": "$8.00", "price_calculation": "$8.00 per 1ea", "category": "Winter Essentials"},
{"title": "Cook & Dine Cooling Rack | 1 each", "price": "$8.00", "price_calculation": "$8.00 per 1ea", "category": "Winter Essentials"},
{"title": "Cook & Dine 6 Cup Jumbo Muffin Tin | 1 each", "price": "$9.00", "price_calculation": "$9.00 per 1ea", "category": "Winter Essentials"},
{"title": "Uno Flip Card Game | 1 pack", "price": "$10.00", "price_calculation": "$10.00 per 1ea", "category": "Winter Essentials"},
{"title": "Cenovis Echinacea 5000 Capsules For Immune Support | 60 pack", "price": "$10.08", "price_calculation": "$0.17 per 1ea", "category": "Winter Essentials"},
{"title": "Cenovis Echinacea Garlic Zinc & Vitamin C Tablets | 60 pack", "price": "$10.20", "price_calculation": "$0.17 per 1ea", "category": "Winter Essentials"},
{"title": "Cook & Dine Roasting Pan | 1 each", "price": "$12.00", "price_calculation": "$12.00 per 1ea", "category": "Winter Essentials"},
{"title": "Dari's Lentil Soup | 1.2kg", "price": "$12.45", "price_calculation": "$1.04 per 100g", "category": "Winter Essentials"},
{"title": "Snazzee Long Hot Water Bottle With Soft Cover | 1 each", "price": "$15.00", "price_calculation": "$15.00 per 1ea", "category": "Winter Essentials"},
{"title": "Nyal Childrens Cold & Flu Liquid | 200mL", "price": "$15.00", "price_calculation": "$7.50 per 100mL", "category": "Winter Essentials"},
{"title": "Duro-tuss Relief Chesty Cough Liquid | 200mL", "price": "$16.50", "price_calculation": "$8.25 per 100mL", "category": "Winter Essentials"},
{"title": "Microprotect Hand Sanitiser Gel | 1L", "price": "$20.00", "price_calculation": "$2.00 per 100mL", "category": "Winter Essentials"},
{"title": "Cook & Dine Aluminium Saucepan 20cm | 1 each", "price": "$22.00", "price_calculation": "$22.00 per 1ea", "category": "Winter Essentials"},
{"title": "Nature's Way Garlic + C & Horseradish Tablets | 200 pack", "price": "$24.00", "price_calculation": "$0.12 per 1ea", "category": "Winter Essentials"},
{"title": "Cook & Dine Aluminium Saute Pan 28cm | 1 each", "price": "$26.00", "price_calculation": "$26.00 per 1ea", "category": "Winter Essentials"},
{"title": "Rescue Sleep Spray | 20mL", "price": "$28.50", "price_calculation": "$142.50 per 100mL", "category": "Winter Essentials"},
{"title": "Seiki 2000 Watt Convection Heater | 1 each", "price": "$39.00", "price_calculation": "$39.00 per 1ea", "category": "Winter Essentials"},
{"title": "Mountain Culture Status Quo Pale Ale Can 355mL | 16 Pack", "price": "$70.00", "price_calculation": "$12.32 per 1L", "category": "Winter Essentials"},
{"title": "Green's Cinnamon Donut Pancake Shake | 325g", "price": "$3.00", "price_calculation": "$0.92 per 100g", "category": "Winter Essentials"},
{"title": "Hasbro Monopoly Bid | 1 each", "price": "$5.00", "price_calculation": null, "category": "Winter Essentials"},
{"title": "Mind Waves Colouring Book Mindfulness Assortment | 1 each", "price": "$6.99", "price_calculation": "$6.99 per 1ea", "category": "Winter Essentials"},
{"title": "Cook & Dine Loose Base Quiche Pan 25.5cm | 1 each", "price": "$7.00", "price_calculation": "$7.00 per 1ea", "category": "Winter Essentials"},
{"title": "Ikina Stainless Steel Insulated Cup | 350mL", "price": "$7.50", "price_calculation": "$2.14 per 100mL", "category": "Winter Essentials"},
{"title": "Nature's Own Garlic Vitamin C + Horseradish Triple Strength Tablets | 60 pack", "price": "$13.14", "price_calculation": "$0.22 per 1ea", "category": "Winter Essentials"},
{"title": "Nature's Own High Strength Zinc 30mg Tablets | 120 pack", "price": "$13.50", "price_calculation": "$0.11 per 1ea", "category": "Winter Essentials"},
{"title": "Coles Eucalyptus Oil | 175mL", "price": "$14.00", "price_calculation": "$8.00 per 100mL", "category": "Winter Essentials"},
{"title": "Faber-Castell Classic Colouring Pencils | 24 pack", "price": "$14.50", "price_calculation": "$0.60 per 1ea", "category": "Winter Essentials"},
{"title": "Victoria Bitter VX Bottle 250mL | 24 Pack", "price": "$56.00", "price_calculation": null, "category": "Winter Essentials"},
{"title": "Coles I'M Free From Pancake Mix | 375g", "price": "$2.90", "price_calculation": "$0.77 per 100g", "category": "Winter Essentials"},
{"title": "Pitango Soup Smoky Tomato Lentil | 350g", "price": "$4.75", "price_calculation": "$1.36 per 100g", "category": "Winter Essentials"},
{"title": "Kialla Organic Waffle Pancake Mix Classic | 325g", "price": "$5.50", "price_calculation": "$1.69 per 100g", "category": "Winter Essentials"},
{"title": "Cook & Dine Stackable Measuring Cups | 6 pack", "price": "$6.00", "price_calculation": "$1.00 per 1ea", "category": "Winter Essentials"},
{"title": "Noshu 98% Sugar Free Buttermilk Pancake Mix | 240g", "price": "$6.40", "price_calculation": "$2.67 per 100g", "category": "Winter Essentials"},
{"title": "T2 Melbourne Breakfast Flavoured Black Tea Bags 25 pack | 50g", "price": "$16.00", "price_calculation": "$0.64 per 1ea", "category": "Winter Essentials"},
{"title": "Swisse Ultiboost Zinc+ Tablets | 60 pack", "price": "$17.00", "price_calculation": "$28.33 per 100ea", "category": "Winter Essentials"},
{"title": "Nurofen Children 7+ 100Mg Orange Chewable Capsules | 24 pack", "price": "$18.00", "price_calculation": "$0.75 per 1ea", "category": "Winter Essentials"},
{"title": "Sambucol Cold & Flu Liquid | 120mL", "price": "$18.00", "price_calculation": "$15.00 per 100mL", "category": "Winter Essentials"},
{"title": "Cook & Dine Roasting Pan with Rack | 1 each", "price": "$20.00", "price_calculation": "$20.00 per 1ea", "category": "Winter Essentials"},
{"title": "Mayfair Rhubarb & Ginger Gin 700mL | 1 Each", "price": "$59.00", "price_calculation": "$84.29 per 1L", "category": "Winter Essentials"},
{"title": "Coles Traditional Gravy Mix | 425g", "price": "$3.60", "price_calculation": "$0.85 per 100g", "category": "Winter Essentials"},
{"title": "Orgran Buckwheat Pancake Mix | 375g", "price": "$3.95", "price_calculation": "$1.05 per 100g", "category": "Winter Essentials"},
{"title": "Pitango Soup Potato & Leek | 350g", "price": "$4.75", "price_calculation": "$1.36 per 100g", "category": "Winter Essentials"},
{"title": "Kialla Organic Vegan Pancake Mix Vanilla | 325g", "price": "$5.50", "price_calculation": "$1.69 per 100g", "category": "Winter Essentials"},
{"title": "Nestle Aero Hot Chocolate | 10 pack", "price": "$7.00", "price_calculation": "$0.70 per 1ea", "category": "Winter Essentials"},
{"title": "Pitango Soup Tomato Basil | 600g", "price": "$7.00", "price_calculation": "$1.17 per 100g", "category": "Winter Essentials"},
{"title": "Voost Effervescent Immunity Blackcurrent | 20 pack", "price": "$7.70", "price_calculation": "$0.39 per 1ea", "category": "Winter Essentials"},
{"title": "Cook & Dine Round Cake Tin 24cm | 1 pack", "price": "$8.00", "price_calculation": "$8.00 per 1ea", "category": "Winter Essentials"},
{"title": "Cenovis Zinc Plus Tablets For Wellbeing + Skin Health | 150 pack", "price": "$8.34", "price_calculation": "$5.56 per 100ea", "category": "Winter Essentials"},
{"title": "Sanofi Epsom Salts - Magnesium Bath Crystals | 1kg", "price": "$9.50", "price_calculation": "$0.95 per 100g", "category": "Winter Essentials"},
{"title": "Dari's Indonesian Crab & Corn Soup | 600g", "price": "$9.95", "price_calculation": "$1.66 per 100g", "category": "Winter Essentials"},
{"title": "Dari's Asian Chicken Soup | 600g", "price": "$9.95", "price_calculation": "$1.66 per 100g", "category": "Winter Essentials"},
{"title": "Dari's Classic Chicken Noodle Soup | 1.2kg", "price": "$12.45", "price_calculation": "$1.04 per 100g", "category": "Winter Essentials"},
{"title": "Sudafed PE Non Drowsy Nasal Decongestant Tablets | 20 pack", "price": "$14.00", "price_calculation": "$0.70 per 1ea", "category": "Winter Essentials"},
{"title": "Nyal Cough Cold & Flu Tablets | 24 pack", "price": "$15.00", "price_calculation": "$0.63 per 1ea", "category": "Winter Essentials"},
{"title": "Blackmores Vitamin D3 1000IU Immune Capsules | 200 pack", "price": "$15.00", "price_calculation": "$7.50 per 100ea", "category": "Winter Essentials"},
{"title": "Zovirax Cold Sore Cream Tube | 2g", "price": "$16.80", "price_calculation": "$840.00 per 100g", "category": "Winter Essentials"},
{"title": "Strepsils Extra Anaesthetic Sore Throat Pain Relief Lozenges Blackcurrant | 36 pack", "price": "$17.00", "price_calculation": "$0.47 per 1ea", "category": "Winter Essentials"},
{"title": "Difflam Plus Anaesthetic Sore Throat Spray | 30mL", "price": "$19.00", "price_calculation": "$63.34 per 100mL", "category": "Winter Essentials"},
{"title": "Blackmores Bio C 1000mg Tablets | 150 pack", "price": "$24.00", "price_calculation": "$16.00 per 100ea", "category": "Winter Essentials"},
{"title": "Blackmores Omega Triple Concentrated Fish Oil Capsules | 60 pack", "price": "$31.00", "price_calculation": "$51.67 per 100ea", "category": "Winter Essentials"},
{"title": "Swisse High Strength C | 150 Pack", "price": "$42.00", "price_calculation": "$0.28 per 1ea", "category": "Winter Essentials"},
{"title": "Kilkenny Cans 440mL | 24 Pack", "price": "$75.00", "price_calculation": "$7.10 per 1L", "category": "Winter Essentials"},
{"title": "Cook & Dine Pizza Tray | 1 each", "price": "$6.00", "price_calculation": "$6.00 per 1ea", "category": "Winter Essentials"},
{"title": "Cook & Dine Lamington Tray | 1 each", "price": "$7.00", "price_calculation": "$7.00 per 1ea", "category": "Winter Essentials"},
{"title": "Pitango Free Range Chicken Sweet Corn & Noodle Soup | 600g", "price": "$7.00", "price_calculation": "$1.17 per 100g", "category": "Winter Essentials"},
{"title": "Cook & Dine Loaf Tin 24cm | 1 pack", "price": "$8.00", "price_calculation": "$8.00 per 1ea", "category": "Winter Essentials"},
{"title": "Nyal Antiviral Cold Sore Cream | 5g", "price": "$9.50", "price_calculation": "$190.00 per 100g", "category": "Winter Essentials"},
{"title": "Dari's Thai Prawn Soup | 600g", "price": "$9.95", "price_calculation": "$1.66 per 100g", "category": "Winter Essentials"},
{"title": "Cenovis Garlic Horseradish + Vitamin C Complex Capsules | 120 pack", "price": "$10.50", "price_calculation": "$0.09 per 1ea", "category": "Winter Essentials"},
{"title": "Blackmores Bio Zinc Skin & Immune Vitamin Tablets | 84 pack", "price": "$12.00", "price_calculation": "$14.29 per 100ea", "category": "Winter Essentials"},
{"title": "Dari's Creamy Pumpkin Soup | 1.2kg", "price": "$12.45", "price_calculation": "$1.04 per 100g", "category": "Winter Essentials"},
{"title": "Swisse Ultiboost Vitamin C Chewable | 110 pack", "price": "$13.50", "price_calculation": "$12.27 per 100ea", "category": "Winter Essentials"},
{"title": "Cenovis Echinacea Garlic Zinc & Vitamin C Tablets | 125 pack", "price": "$14.60", "price_calculation": "$0.12 per 1ea", "category": "Winter Essentials"},
{"title": "Sapporo Bottles 355mL | 24 pack", "price": "$57.00", "price_calculation": "$0.67 per 100mL", "category": "Winter Essentials"},
{"title": "Mayfair London Dry Gin 700mL | 1 Each", "price": "$59.00", "price_calculation": "$84.29 per 1L", "category": "Winter Essentials"},
{"title": "Pensilva Sangiovese 750mL | 1 Each", "price": "$20.00", "price_calculation": "$26.67 per 1L", "category": "Winter Essentials"},
{"title": "Smithy's Bitter Can 375mL | 24 Pack", "price": "$43.00", "price_calculation": "$4.78 per 1L", "category": "Winter Essentials"},
{"title": "Four Pillars Bloody Shiraz Gin 700mL | 1 Each", "price": "$78.00", "price_calculation": "$111.43 per 1L", "category": "Winter Essentials"},
{"title": "Gravox Supreme Roast Meat Gravy Mix  | 29g", "price": "$1.30", "price_calculation": "$0.45 per 10g", "category": "Winter Essentials"},
{"title": "Coles Perform Thai Chicken Noodle Soup | 400g", "price": "$5.00", "price_calculation": "$1.25 per 100g", "category": "Winter Essentials"},
{"title": "Gravox Gravy Pepper | 140g", "price": "$5.00", "price_calculation": "$0.36 per 10g", "category": "Winter Essentials"},
{"title": "Gravox Traditional Gravy Mix | 425g", "price": "$6.30", "price_calculation": "$1.48 per 100g", "category": "Winter Essentials"},
{"title": "Cook & Dine Whisk | 1 each", "price": "$6.50", "price_calculation": "$6.50 per 1ea", "category": "Winter Essentials"},
{"title": "Madura Premium Blend Tea Bags 100 pack | 200g", "price": "$7.20", "price_calculation": "$0.07 per 1ea", "category": "Winter Essentials"},
{"title": "Cook & Dine Mini Frypan | 1 each", "price": "$8.00", "price_calculation": "$8.00 per 1ea", "category": "Winter Essentials"},
{"title": "Coles Cough Cold & Flu Day & Night Capsules | 24 pack", "price": "$10.00", "price_calculation": "$0.42 per 1ea", "category": "Winter Essentials"},
{"title": "Voost Vitamin C 1000mg 40 Blood Orange Effervescent Tablets | 2 pack", "price": "$14.00", "price_calculation": "$7.00 per 1ea", "category": "Winter Essentials"},
{"title": "Moon Dog Fizzer Seltzer 6% Can 330mL | 10 Pack", "price": "$39.00", "price_calculation": "$11.82 per 1L", "category": "Winter Essentials"},
{"title": "Gravox Traditional Salt Reduced Gravy Mix Tin | 120g", "price": "$5.00", "price_calculation": "$4.17 per 100g", "category": "Winter Essentials"},
{"title": "Noshu 99% Sugar Free Low Carb Pancake Shake | 240g", "price": "$6.40", "price_calculation": "$2.67 per 100g", "category": "Winter Essentials"},
{"title": "Cook & Dine Large Oven Tray | 1 each", "price": "$8.00", "price_calculation": "$8.00 per 1ea", "category": "Winter Essentials"},
{"title": "Cook & Dine Square Cake Tin 24cm | 1 each", "price": "$8.00", "price_calculation": "$8.00 per 1ea", "category": "Winter Essentials"},
{"title": "Cook & Dine Springform Cake Tin | 1 each", "price": "$9.00", "price_calculation": "$9.00 per 1ea", "category": "Winter Essentials"},
{"title": "Centrum Advance Multivitamin Tablets | 60 pack", "price": "$9.50", "price_calculation": "$15.83 per 100ea", "category": "Winter Essentials"},
{"title": "Cenovis Mega Vitamin C 1000mg Tablets For Immunity | 100 pack", "price": "$9.93", "price_calculation": "$0.10 per 1ea", "category": "Winter Essentials"},
{"title": "Coles Cold & Flu Pain Relief + Pe Decongesrant Capsules | 20 pack", "price": "$10.00", "price_calculation": "$0.50 per 1ea", "category": "Winter Essentials"},
{"title": "Vicks 2 In1 Relief Cough Syrup | 200mL", "price": "$11.20", "price_calculation": "$5.60 per 100mL", "category": "Winter Essentials"},
{"title": "Ease A Cold Cold & Congestion Day & Night Capsules | 30 pack", "price": "$14.50", "price_calculation": "$0.48 per 1ea", "category": "Winter Essentials"},
{"title": "Caltrate Bone & Muscle Calcium With Vitamin D3 60 Health Tablets | 1 pack", "price": "$14.50", "price_calculation": "$14.50 per 1ea", "category": "Winter Essentials"},
{"title": "Duro-tuss Relief Dry Cough Liquid | 200mL", "price": "$16.50", "price_calculation": "$8.25 per 100mL", "category": "Winter Essentials"},
{"title": "Pure Origin Tasmanian Gin 700mL | 1 Each", "price": "$60.00", "price_calculation": "$85.72 per 1L", "category": "Winter Essentials"},
{"title": "Ned Australian Whisky & Cola Can 375mL | 10 Pack", "price": "$52.00", "price_calculation": "$13.87 per 1L", "category": "Winter Essentials"},
{"title": "Canadian Club & Zero Sugar Dry Can 375mL | 24 Pack", "price": "$90.00", "price_calculation": "$10.00 per 1L", "category": "Winter Essentials"},
{"title": "Coles Pancake & Pikelet Mix | 300g", "price": "$1.20", "price_calculation": "$0.40 per 100g", "category": "Winter Essentials"},
{"title": "Coles Kent Pumpkin Whole | approx 4Kg", "price": "$12.00", "price_calculation": "$3.00 per 1kg", "category": "Winter Essentials"},
{"title": "Coles Kitchen Tear And Share Cheesy Garlic Bread | 350g", "price": "$4.80", "price_calculation": "$1.37 per 100g", "category": "Winter Essentials"},
{"title": "KOi Hand Sanitiser | 50mL", "price": "$5.00", "price_calculation": "$10.00 per 100mL", "category": "Winter Essentials"},
{"title": "Coles Perform Mexican Style Beef & Bean Soup | 400g", "price": "$5.00", "price_calculation": "$1.25 per 100g", "category": "Winter Essentials"},
{"title": "Uncle Tobys Breakfast Bakes Honey and Almond Oats 4 pack | 260g", "price": "$5.60", "price_calculation": "$2.15 per 100g", "category": "Winter Essentials"},
{"title": "Cenovis Vitamin C 250mg Tablets For Immune Support | 150 pack", "price": "$5.95", "price_calculation": "$0.04 per 1ea", "category": "Winter Essentials"},
{"title": "Cook & Dine Rolling Pin | 1 each", "price": "$6.00", "price_calculation": "$6.00 per 1ea", "category": "Winter Essentials"},
{"title": "Nestle Milkybar Hot Chocolate | 10 pack", "price": "$7.00", "price_calculation": "$0.70 per 1ea", "category": "Winter Essentials"},
{"title": "Uncle Tobys Oats Quick Sachets Breakfast Cereal Original | 680g", "price": "$9.50", "price_calculation": "$1.40 per 100g", "category": "Winter Essentials"},
{"title": "Vicks VapoRub Ointment Decongestant Chest Rub | 100g", "price": "$10.40", "price_calculation": "$10.40 per 100g", "category": "Winter Essentials"},
{"title": "Vicks First Defense Nasal Spray | 15mL", "price": "$10.50", "price_calculation": "$70.00 per 100mL", "category": "Winter Essentials"},
{"title": "Ease A Cold Kids Cold And Flu Chewable Tablets | 24 pack", "price": "$15.00", "price_calculation": "$0.63 per 1ea", "category": "Winter Essentials"},
{"title": "Lemsip Max With Decongestant Blackcurrant | 10 pack", "price": "$15.00", "price_calculation": "$1.50 per 1ea", "category": "Winter Essentials"},
{"title": "Difflam Sore Throat Spray Forte | 15mL", "price": "$17.00", "price_calculation": "$113.34 per 100mL", "category": "Winter Essentials"},
{"title": "Cenovis Sugarless Vitamin C 500mg Tablets For Immunity | 300 pack", "price": "$17.00", "price_calculation": "$0.06 per 1ea", "category": "Winter Essentials"},
{"title": "Nature's Way Vitamin C 500mg Chewable Tablets | 500 pack", "price": "$29.00", "price_calculation": "$0.06 per 1ea", "category": "Winter Essentials"},
{"title": "Vegemite Gluten Free Spread | 235g", "price": "$4.00", "price_calculation": "$1.70 per 100g", "category": "Winter Essentials"},
{"title": "Coles Perform Build Chicken Minestrone Soup | 450g", "price": "$5.00", "price_calculation": "$1.11 per 100g", "category": "Winter Essentials"},
{"title": "Pitango Organic Soup Minestrone | 600g", "price": "$7.00", "price_calculation": "$1.17 per 100g", "category": "Winter Essentials"},
{"title": "Pitango Free Range Soup Chicken & Vegetable | 600g", "price": "$7.00", "price_calculation": "$1.17 per 100g", "category": "Winter Essentials"},
{"title": "Arkadia Spice Chai Tea | 240g", "price": "$7.00", "price_calculation": "$2.92 per 100g", "category": "Winter Essentials"},
{"title": "The Pancake Parlour Buttermilk Pancake Mix | 500g", "price": "$7.95", "price_calculation": "$1.59 per 100g", "category": "Winter Essentials"},
{"title": "Vicks Nasal Spray Decongestant Inhaler | 0.5mL", "price": "$8.00", "price_calculation": "$8.00 per 1ea", "category": "Winter Essentials"},
{"title": "Nurofen Cold and Flu Multi-Symptom Relief Tablets 200mg Ibuprofen | 12 pack", "price": "$9.00", "price_calculation": "$0.75 per 1ea", "category": "Winter Essentials"},
{"title": "Vicks Nasal Decongestant Inhaler | 2 pack", "price": "$10.40", "price_calculation": "$5.20 per 1ea", "category": "Winter Essentials"},
{"title": "Lemsip Max With Decongestant Lemon | 10 pack", "price": "$15.00", "price_calculation": "$1.50 per 1ea", "category": "Winter Essentials"},
{"title": "Betadine Sore Throat Gargle Ready To Use | 120mL", "price": "$15.40", "price_calculation": "$12.83 per 100mL", "category": "Winter Essentials"},
{"title": "Mildara Limestone Coast Cabernet Shiraz 750mL | 1 Each", "price": "$24.00", "price_calculation": "$32.00 per 1L", "category": "Winter Essentials"},
{"title": "Penfolds Bin 8 Shiraz Cabernet 750mL | 1 Each", "price": "$35.00", "price_calculation": "$46.67 per 1L", "category": "Winter Essentials"},
{"title": "Green's Gluten Free Pancake Shake Mix Buttermilk | 300g", "price": "$2.10", "price_calculation": "$0.70 per 100g", "category": "Winter Essentials"},
{"title": "Coles Instant Roast Meat Gravy Mix | 120g", "price": "$2.10", "price_calculation": "$0.18 per 10g", "category": "Winter Essentials"},
{"title": "Coles Nature'S Kitchen Minestrone Soup | 300g", "price": "$3.00", "price_calculation": "$1.00 per 100g", "category": "Winter Essentials"},
{"title": "Greens 40% Less Sugar Pancake Protein Shake | 325g", "price": "$3.00", "price_calculation": "$0.92 per 100g", "category": "Winter Essentials"},
{"title": "Micro Protect Surgical Mask Level 3  | 10 pack", "price": "$5.00", "price_calculation": "$0.50 per 1ea", "category": "Winter Essentials"},
{"title": "Vicks VapoDrops Original Menthol Lozenges | 24 pack", "price": "$5.00", "price_calculation": "$0.21 per 1ea", "category": "Winter Essentials"},
{"title": "Gravox Supreme Gravy Mix  | 425g", "price": "$6.30", "price_calculation": "$1.48 per 100g", "category": "Winter Essentials"},
{"title": "Barker's Strawberry Jam | 455g", "price": "$6.30", "price_calculation": "$1.38 per 100g", "category": "Winter Essentials"},
{"title": "Nescafe Caramel Latte Coffee Sachets | 10 pack", "price": "$7.60", "price_calculation": "$0.76 per 1ea", "category": "Winter Essentials"},
{"title": "Difflam Plus Blackcurrant Flavour Anaesthetic Lozenges | 16 pack", "price": "$10.00", "price_calculation": "$0.63 per 1ea", "category": "Winter Essentials"},
{"title": "Robitussin Cold & Chesty Cough Syrup | 200mL", "price": "$10.80", "price_calculation": "$5.40 per 100mL", "category": "Winter Essentials"},
{"title": "Nescafe Caramel Latte Coffee Sachets | 26 Pack", "price": "$11.00", "price_calculation": "$0.42 per 1ea", "category": "Winter Essentials"},
{"title": "Codral Mucus Cough + Cold Oral Liquid Raspberry Flavour | 200mL", "price": "$11.00", "price_calculation": "$5.50 per 100mL", "category": "Winter Essentials"},
{"title": "Strepsils Orange Throat Lozenges | 36 pack", "price": "$12.00", "price_calculation": "$0.33 per 1ea", "category": "Winter Essentials"},
{"title": "Nurofen Cold & Flu Ibuprofen 200mg Tablets | 24 pack", "price": "$13.75", "price_calculation": "$0.57 per 1ea", "category": "Winter Essentials"},
{"title": "Ease A Cold Cough Cold & Flu Day & Night Capsules | 24 pack", "price": "$18.30", "price_calculation": "$0.76 per 1ea", "category": "Winter Essentials"},
{"title": "Buderim Ginger Beer & Spiced Rum 250mL | 4 Pack", "price": "$16.50", "price_calculation": "$16.50 per 1L", "category": "Winter Essentials"},
{"title": "Vegemite Squeeze | 200g", "price": "$4.00", "price_calculation": "$2.00 per 100g", "category": "Winter Essentials"},
{"title": "Panadol Children's Chewable  7+ Years | 12 Pack", "price": "$6.85", "price_calculation": "$0.57 per 1ea", "category": "Winter Essentials"},
{"title": "Vicks VapoRub Ointment Decongestant Chest Rub | 50g", "price": "$8.00", "price_calculation": "$16.00 per 100g", "category": "Winter Essentials"},
{"title": "Strepsils Extra Honey and Lemon Fast Numbing Sore Throat Pain Relief with Anaesthetic 16 Lozenges | 1 Pack", "price": "$9.00", "price_calculation": "$9.00 per 1ea", "category": "Winter Essentials"},
{"title": "Coles Lamb Rack Roast | approx 900g", "price": "$31.50", "price_calculation": "$35.00 per 1kg", "category": "Winter Essentials"},
{"title": "Jim Beam Zero Sugar Cola Cans 375mL | 24 Pack", "price": "$90.00", "price_calculation": "$10.00 per 1L", "category": "Winter Essentials"},
{"title": "Tinnies Hazy Pale Can 375mL | 24 Pack", "price": "$61.00", "price_calculation": "$6.78 per 1L", "category": "Winter Essentials"},
{"title": "Coles Ibuprofen Tablets 200mg | 24 pack", "price": "$1.55", "price_calculation": "$0.06 per 1ea", "category": "Winter Essentials"},
{"title": "Glen 20 On The Go Wipes Lemon | 30 pack", "price": "$2.85", "price_calculation": "$0.10 per 1ea", "category": "Winter Essentials"},
{"title": "Coles Perform Chicken Kale & Quinoa Soup | 400g", "price": "$5.00", "price_calculation": "$1.25 per 100g", "category": "Winter Essentials"},
{"title": "Red Tractor Wheat Free Rolled Oats | 600g", "price": "$6.80", "price_calculation": "$1.13 per 100g", "category": "Winter Essentials"},
{"title": "Bega Cream Cheese Spread Original | 500g", "price": "$7.00", "price_calculation": "$14.00 per 1kg", "category": "Winter Essentials"},
{"title": "Centrum Advance 50+ Multivitamin Tablets | 60 pack", "price": "$9.50", "price_calculation": "$15.83 per 100ea", "category": "Winter Essentials"},
{"title": "Mayver's Smooth Peanut Butter | 750g", "price": "$9.80", "price_calculation": "$1.31 per 100g", "category": "Winter Essentials"},
{"title": "Strepsils Sore Throat Sugar Free Antibacterial Lemon 36 Lozenges | 1 pack", "price": "$12.00", "price_calculation": "$12.00 per 1ea", "category": "Winter Essentials"},
{"title": "Dilmah Extra Strength Pure Ceylon Bags 200 Pack | 480g", "price": "$12.50", "price_calculation": "$0.06 per 1ea", "category": "Winter Essentials"},
{"title": "Sanitarium Up&Go Liquid Breakfast Vanilla No Added Sugar Fridge Pack 12X250mL | 3L", "price": "$14.50", "price_calculation": "$4.83 per 1L", "category": "Bonus Cookware Credits"},
{"title": "Colgate Optic White ReneWal Lasting Fresh Teeth Whitening Toothpaste With 3% Hydrogen Peroxide | 85g", "price": "$15.00", "price_calculation": "$17.65 per 100g", "category": "Bonus Cookware Credits"},
{"title": "Dove Shampoo Restoring Ritual | 820mL", "price": "$17.00", "price_calculation": "$2.07 per 100mL", "category": "Bonus Cookware Credits"},
{"title": "Optimum Puppy Dry Dog Food | 3kg", "price": "$22.00", "price_calculation": "$0.73 per 100g", "category": "Bonus Cookware Credits"},
{"title": "I&J The Finest Frozen Salmon Portions Skin On | 500g", "price": "$23.00", "price_calculation": "$46.00 per 1kg", "category": "Bonus Cookware Credits"},
{"title": "Dynamo Profession 7 In 1 Laundry Liquid | 3.6L", "price": "$26.00", "price_calculation": "$7.22 per 1L", "category": "Bonus Cookware Credits"},
{"title": "Optimum Adult With Beef Vegetables & Rice Dry Dog Food | 7kg", "price": "$33.50", "price_calculation": "$0.48 per 100g", "category": "Bonus Cookware Credits"},
{"title": "Optimum Dry Dog Food Adult Chicken Vegetable Rice | 7kg", "price": "$33.50", "price_calculation": "$0.48 per 100g", "category": "Bonus Cookware Credits"},
{"title": "Finish Ultimate All In One Lemon | 72 pack", "price": "$42.00", "price_calculation": "$0.58 per 1ea", "category": "Bonus Cookware Credits"},
{"title": "Finish Ultimate Pro Lemon Dishwash Tablets | 32 pack", "price": "$48.00", "price_calculation": "$1.50 per 1ea", "category": "Bonus Cookware Credits"},
{"title": "Coles Finest Australian Organic Double Cream Brie | approx 150g", "price": "$10.50", "price_calculation": "$70.00 per 1kg", "category": "Bonus Cookware Credits"},
{"title": "Maggi Air Fryer Crispy Japanese Style | 45g", "price": "$1.80", "price_calculation": "$4.00 per 100g", "category": "Bonus Cookware Credits"},
{"title": "Glad Regular Oven Bags 25cm X 38cm | 5 pack", "price": "$2.75", "price_calculation": "$0.55 per 1ea", "category": "Bonus Cookware Credits"},
{"title": "Continental Rice Cheesy | 125g", "price": "$2.80", "price_calculation": "$2.24 per 100g", "category": "Bonus Cookware Credits"},
{"title": "Sunrice Organic Brown Rice | 250g", "price": "$3.00", "price_calculation": "$1.20 per 100g", "category": "Bonus Cookware Credits"},
{"title": "Heinz Beanz BBQ Sauce | 555g", "price": "$3.50", "price_calculation": "$6.31 per 1kg", "category": "Bonus Cookware Credits"},
{"title": "Philadelphia Portions Cream Cheese Light Spread | 150g", "price": "$4.00", "price_calculation": "$26.67 per 1kg", "category": "Bonus Cookware Credits"},
{"title": "Maggi 2 Minute Wholegrain Beef Flavour Noodles 5 Pack | 335g", "price": "$5.00", "price_calculation": "$1.49 per 100g", "category": "Bonus Cookware Credits"},
{"title": "Coles Finest Traditional Lavosh With Sea Salt | 100g", "price": "$5.00", "price_calculation": "$5.00 per 100g", "category": "Bonus Cookware Credits"},
{"title": "Glad To Be Green 50% Ocean Plastic Recycled Kitchen Tidy Bags Medium | 26 pack", "price": "$5.50", "price_calculation": "$0.21 per 1ea", "category": "Bonus Cookware Credits"},
{"title": "L'Or Espresso Vanilla Capsules | 10 pack", "price": "$5.50", "price_calculation": "$0.55 per 1ea", "category": "Bonus Cookware Credits"},
{"title": "Colgate Minions Extra Soft Toothbrush | 2 pack", "price": "$5.60", "price_calculation": "$2.80 per 1ea", "category": "Bonus Cookware Credits"},
{"title": "Philadelphia Light Cream Cheese Block | 250g", "price": "$5.70", "price_calculation": "$22.80 per 1kg", "category": "Bonus Cookware Credits"},
{"title": "Uncle Tobys Ancient Grains Oats | 700g", "price": "$6.50", "price_calculation": "$0.93 per 100g", "category": "Bonus Cookware Credits"},
{"title": "Nescafe Double Shot Latte Sachet | 10 pack", "price": "$7.60", "price_calculation": "$0.76 per 1ea", "category": "Bonus Cookware Credits"},
{"title": "Dove Restoring Ritual Coconut Oil & Turmeric Conditioner | 320mL", "price": "$7.70", "price_calculation": "$2.41 per 100mL", "category": "Bonus Cookware Credits"},
{"title": "Rexona Men Antiperspirant Aerosol Advanced Invisible Dry Black & White Deodorant | 220mL", "price": "$8.50", "price_calculation": "$3.86 per 100mL", "category": "Bonus Cookware Credits"},
{"title": "Rexona Antiperspirant Women Deodorant Spray Apple Splash | 220mL", "price": "$8.50", "price_calculation": "$3.86 per 100mL", "category": "Bonus Cookware Credits"},
{"title": "Coles Finest Creamy Butter Chicken | 400g", "price": null, "price_calculation": null, "category": "Bonus Cookware Credits"},
{"title": "Colgate Optic White Expert Stain-Less Teeth Whitening Toothpaste With 2% Hydrogen Peroxide | 85g", "price": "$9.60", "price_calculation": "$11.29 per 100g", "category": "Bonus Cookware Credits"},
{"title": "Dynamo Profession 7 In 1 Laundry Liquid | 900mL", "price": "$10.00", "price_calculation": "$11.11 per 1L", "category": "Bonus Cookware Credits"},
{"title": "Rexona Clinical Protection Shower Clean Antiperspirant Deodorant | 180mL", "price": "$11.00", "price_calculation": "$6.11 per 100mL", "category": "Bonus Cookware Credits"},
{"title": "Rexona Antiperspirant Men Clinical Protection Clean Scent | 180mL", "price": "$11.00", "price_calculation": "$6.11 per 100mL", "category": "Bonus Cookware Credits"},
{"title": "I&J Scallops Roe Off | 300g", "price": "$12.00", "price_calculation": "$40.00 per 1kg", "category": "Bonus Cookware Credits"},
{"title": "Optimum Natural Defence Skin And Coat Cat Food 12x85g | 12 pack", "price": "$13.00", "price_calculation": "$1.27 per 100g", "category": "Bonus Cookware Credits"},
{"title": "Coles Finest Angus Beef Cottage Pie | 700g", "price": null, "price_calculation": null, "category": "Bonus Cookware Credits"},
{"title": "Dove Conditioner Intensive Repair | 820mL", "price": "$17.00", "price_calculation": "$2.07 per 100mL", "category": "Bonus Cookware Credits"},
{"title": "Air Wick Essential Oil Air Freshener Electric Refill Frangipani 19mL | 3 pack", "price": "$18.00", "price_calculation": "$3.16 per 10mL", "category": "Bonus Cookware Credits"},
{"title": "B Honey Squeeze | 750g", "price": "$11.25", "price_calculation": "$1.50 per 100g", "category": "Winter Essentials"},
{"title": "Twinings Australian Afternoon Tea Bags | 100 pack", "price": "$13.50", "price_calculation": "$0.14 per 1ea", "category": "Winter Essentials"},
{"title": "International Roast Instant Coffee | 500g", "price": "$14.00", "price_calculation": "$2.80 per 100g", "category": "Winter Essentials"},
{"title": "Nescafe Blend 43 Instant Coffee  | 250g", "price": "$14.50", "price_calculation": "$5.80 per 100g", "category": "Winter Essentials"},
{"title": "Vittoria Espresso Ground Coffee | 1kg", "price": "$22.00", "price_calculation": "$2.20 per 100g", "category": "Winter Essentials"},
{"title": "Smithy's Dry Lager Bottle 330mL | 24 Pack", "price": "$43.00", "price_calculation": "$5.43 per 1L", "category": "Winter Essentials"},
{"title": "La Zuppa Pouch Tuscan Chicken & Vegetable Soup | 540g", "price": "$3.00", "price_calculation": "$0.56 per 100g", "category": "Winter Essentials"},
{"title": "Pitango Soup Chicken Vegetable | 350g", "price": "$4.75", "price_calculation": "$1.36 per 100g", "category": "Winter Essentials"},
{"title": "Uncle Tobys Oats Quick Sachets Classic Variety | 350g", "price": "$6.30", "price_calculation": "$1.80 per 100g", "category": "Winter Essentials"},
{"title": "Just Rooibos African Tea Bags 40 pack | 100g", "price": "$7.00", "price_calculation": "$0.18 per 1ea", "category": "Winter Essentials"},
{"title": "Nescafe Mocha Coffee Sachets | 10 pack", "price": "$7.60", "price_calculation": "$0.76 per 1ea", "category": "Winter Essentials"},
{"title": "Vittoria Espresso Coffee Beans | 1kg", "price": "$22.00", "price_calculation": "$2.20 per 100g", "category": "Winter Essentials"},
{"title": "Grinders Rich & Bold Espresso Coffee Beans | 1kg", "price": "$24.50", "price_calculation": "$2.45 per 100g", "category": "Winter Essentials"},
{"title": "Stone & Wood Pacific Ale Bottle 330mL | 24 Pack", "price": "$78.00", "price_calculation": "$0.98 per 100mL", "category": "Winter Essentials"},
{"title": "Pure Origin Tasmanian Vodka 700mL | 1 Each", "price": "$55.00", "price_calculation": "$78.57 per 1L", "category": "Winter Essentials"},
{"title": "Coles Traditional Gravy Mix | 120g", "price": "$2.10", "price_calculation": "$0.18 per 10g", "category": "Winter Essentials"},
{"title": "Coles Antibacterial Hand Wash Lime Fresh | 250mL", "price": "$2.40", "price_calculation": "$0.96 per 100mL", "category": "Winter Essentials"},
{"title": "Coles Antibacterial Hand Wash Sweet Orange | 250mL", "price": "$2.40", "price_calculation": "$0.96 per 100mL", "category": "Winter Essentials"},
{"title": "Coles Ultra Pine Disinfectant | 1.25L", "price": "$2.50", "price_calculation": "$0.20 per 100mL", "category": "Winter Essentials"},
{"title": "Continental Cup A Soup Cream Of Chicken Soup Serves 4 | 75g", "price": "$3.00", "price_calculation": "$4.00 per 100g", "category": "Winter Essentials"},
{"title": "Promite Spread | 290g", "price": "$5.30", "price_calculation": "$1.83 per 100g", "category": "Winter Essentials"},
{"title": "Twinings English Breakfast Tea Bags 50 pack | 100g", "price": "$7.00", "price_calculation": "$0.14 per 1ea", "category": "Winter Essentials"},
{"title": "Arkadia Vanilla Chai Tea | 240g", "price": "$7.00", "price_calculation": "$2.92 per 100g", "category": "Winter Essentials"},
{"title": "Nescafe Hazelnut Latte Coffee Sachets | 10 pack", "price": "$7.60", "price_calculation": "$0.76 per 1ea", "category": "Winter Essentials"},
{"title": "Glen 20 Disinfectant Air Freshener Spray Original | 300g", "price": "$9.50", "price_calculation": "$3.17 per 100g", "category": "Winter Essentials"},
{"title": "Coles Liquid Stock Real Beef | 1L", "price": "$1.90", "price_calculation": "$0.19 per 100mL", "category": "Winter Essentials"},
{"title": "Campbell's Real Stock Vegetable Stock | 500mL", "price": "$2.75", "price_calculation": "$0.55 per 100mL", "category": "Winter Essentials"},
{"title": "Greens Choc chip & Butter Milk Pancake Shake | 335g", "price": "$3.00", "price_calculation": "$0.90 per 100g", "category": "Winter Essentials"},
{"title": "Coles Kitchen Ultra Green Soup | 300g", "price": "$3.00", "price_calculation": "$1.00 per 100g", "category": "Winter Essentials"},
{"title": "Green's Gravy Granules for Roast Meat | 120g", "price": "$3.00", "price_calculation": "$0.25 per 10g", "category": "Winter Essentials"},
{"title": "Coles Finest Stone Baked Garlic Ciabatta | 200g", "price": "$4.50", "price_calculation": "$2.25 per 100g", "category": "Winter Essentials"},
{"title": "Gravox Brown Onion Gravy Mix Tin | 120g", "price": "$5.00", "price_calculation": "$0.42 per 10g", "category": "Winter Essentials"},
{"title": "Bega Simply Nuts Smooth Peanut Butter | 325g", "price": "$5.50", "price_calculation": "$1.69 per 100g", "category": "Winter Essentials"},
{"title": "Uncle Tobys Oats Quick Sachets Brown Sugar & Cinnamon | 350g", "price": "$6.30", "price_calculation": "$1.80 per 100g", "category": "Winter Essentials"},
{"title": "Coles Pure Australian Honey Jar | 500g", "price": "$6.50", "price_calculation": "$1.30 per 100g", "category": "Winter Essentials"},
{"title": "Coles Smooth Peanut Butter | 980g", "price": "$6.50", "price_calculation": "$0.66 per 100g", "category": "Winter Essentials"},
{"title": "Whittaker's Peanut Butter Block Chocolate | 250g", "price": "$5.00", "price_calculation": "$2.00 per 100g", "category": "Winter Essentials"},
{"title": "Pitango Organic Soup Pumpkin & Ginger | 600g", "price": "$7.00", "price_calculation": "$1.17 per 100g", "category": "Winter Essentials"},
{"title": "Maggie Beer Natural Chicken Stock | 1L", "price": "$7.20", "price_calculation": "$0.72 per 100mL", "category": "Winter Essentials"},
{"title": "Red Tractor Organic Instant Oats | 1kg", "price": "$7.50", "price_calculation": "$0.75 per 100g", "category": "Winter Essentials"},
{"title": "Difflam Plus Anaesthetic Honey And Lemon Flavour Lozenges | 16 pack", "price": "$10.00", "price_calculation": "$0.63 per 1ea", "category": "Winter Essentials"},
{"title": "T2 French Earl Grey Flavoured Black Tea Bags 25 pack | 50g", "price": "$16.00", "price_calculation": "$0.64 per 1ea", "category": "Winter Essentials"},
{"title": "Glenmorangie 10YO Single Malt Scotch Whisky 700mL | 1 Each", "price": "$80.00", "price_calculation": "$114.29 per 1L", "category": "Winter Essentials"},
{"title": "Guinness Draught Can 440mL | 24 Pack", "price": "$73.00", "price_calculation": "$6.91 per 1L", "category": "Winter Essentials"},
{"title": "Devilish Pinot Noir 750mL | 1 Each", "price": "$25.00", "price_calculation": "$33.33 per 1L", "category": "Winter Essentials"},
{"title": "Green's Pancake Shake Mix Original | 200g", "price": "$2.20", "price_calculation": "$1.10 per 100g", "category": "Winter Essentials"},
{"title": "Kleenex Everyday Pocket Pack 4 Ply Facial Tissues 6x9 | 6 pack", "price": "$3.50", "price_calculation": "$6.48 per 100ea", "category": "Winter Essentials"},
{"title": "Continental Cream Of Chicken Soup Serves 4 | 45g", "price": "$1.70", "price_calculation": "$3.78 per 100g", "category": "Bonus Cookware Credits"},
{"title": "Optimum Grain Free Lamb & Green Beans Wet Dog Food Trays | 85g", "price": "$1.80", "price_calculation": "$2.12 per 100g", "category": "Bonus Cookware Credits"},
{"title": "Maggi Air Fryer Herbed Roast Potatoes | 25g", "price": "$1.80", "price_calculation": "$7.20 per 100g", "category": "Bonus Cookware Credits"},
{"title": "Fancy Feast Royale Broths Tuna Surimi Prawn Cat Food | 40g", "price": "$1.90", "price_calculation": "$4.75 per 100g", "category": "Bonus Cookware Credits"},
{"title": "Optimum Urinary Care 1+ Years Chunks In Jelly With Ocean Fish Grainfree Cat Food Pouch | 85g", "price": "$2.10", "price_calculation": "$2.47 per 100g", "category": "Bonus Cookware Credits"},
{"title": "Continental Vegetable Stock Pot | 112g", "price": "$2.25", "price_calculation": "$2.01 per 100g", "category": "Bonus Cookware Credits"},
{"title": "Fancy Feast Royale Tuna Shrimp Cat Food | 85g", "price": "$2.30", "price_calculation": "$2.71 per 100g", "category": "Bonus Cookware Credits"},
{"title": "Continental Sour Cream & Chives Pasta & Sauce Serves 3 | 85g", "price": "$2.80", "price_calculation": "$3.29 per 100g", "category": "Bonus Cookware Credits"},
{"title": "U by Kotex Sport Tampons Regular | 16 pack", "price": "$2.95", "price_calculation": "$0.18 per 1ea", "category": "Bonus Cookware Credits"},
{"title": "Coles Finest Artisan Sesame & Linseed Crispbread | 130g", "price": "$3.20", "price_calculation": "$2.46 per 100g", "category": "Bonus Cookware Credits"},
{"title": "Sunrice Rice & Quinoa | 750g", "price": "$3.50", "price_calculation": "$0.47 per 100g", "category": "Bonus Cookware Credits"},
{"title": "Golden Circle Refreshers Tropical Sunrise Flavoured Water Drink 250mL | 6 pack", "price": "$3.50", "price_calculation": "$2.33 per 1L", "category": "Bonus Cookware Credits"},
{"title": "Colgate Total Mint Stripe Multi Benefit Toothpaste | 115g", "price": "$4.00", "price_calculation": "$3.48 per 100g", "category": "Bonus Cookware Credits"},
{"title": "Somat Rinser & Drying Booster Dishwasher Rinse Aid | 500mL", "price": "$4.75", "price_calculation": "$0.95 per 100mL", "category": "Bonus Cookware Credits"},
{"title": "Glad Rectangular Roasting Tray | 1 pack", "price": "$5.00", "price_calculation": "$5.00 per 1ea", "category": "Bonus Cookware Credits"},
{"title": "U by Kotex Tampons Mini | 16 pack", "price": "$5.00", "price_calculation": "$0.31 per 1ea", "category": "Bonus Cookware Credits"},
{"title": "Sanitarium Up&Go Liquid Breakfast Vanilla Ice Cereal No Added Sugar 3X250mL | 750mL", "price": "$5.20", "price_calculation": "$6.93 per 1L", "category": "Bonus Cookware Credits"},
{"title": "Bulla Creamy Classics Ice Cream Honeycomb Sticks 4 Pack | 360mL", "price": "$5.20", "price_calculation": "$1.44 per 100mL", "category": "Bonus Cookware Credits"},
{"title": "Uncle Toby's Cereal Squarz | 460g", "price": "$5.20", "price_calculation": "$1.13 per 100g", "category": "Bonus Cookware Credits"},
{"title": "Glad To Be Green 50% Ocean Plastic Recycled Kitchen Tidy Bags Small | 32 pack", "price": "$5.50", "price_calculation": "$0.17 per 1ea", "category": "Bonus Cookware Credits"},
{"title": "Glad To Be Green 50% Ocean Recycled Garbage Bags 56l | 15 pack", "price": "$6.00", "price_calculation": "$0.40 per 1ea", "category": "Bonus Cookware Credits"},
{"title": "Rexona Men's Antiperspirant Aerosol Deodorant Adventure | 250mL", "price": "$6.00", "price_calculation": "$2.40 per 100mL", "category": "Bonus Cookware Credits"},
{"title": "Uncle Tobys Oats Quick Sachets Fruit Variety | 350g", "price": "$6.30", "price_calculation": "$1.80 per 100g", "category": "Bonus Cookware Credits"},
{"title": "Uncle Tobys Oats Quick Sachets Breakfast Cereal Hi Fibre | 320g", "price": "$6.30", "price_calculation": "$1.97 per 100g", "category": "Bonus Cookware Credits"},
{"title": "I&J Lemon Crumbed Fish Fillets | 425g", "price": "$6.50", "price_calculation": "$15.29 per 1kg", "category": "Bonus Cookware Credits"},
{"title": "Air Wick Vanilla & Orchid Decosphere Air Freshener | 75mL", "price": "$6.50", "price_calculation": "$0.87 per 10mL", "category": "Bonus Cookware Credits"},
{"title": "Dove Body Wash Restoring | 500mL", "price": "$7.00", "price_calculation": "$1.40 per 100mL", "category": "Bonus Cookware Credits"},
{"title": "Nescafe Milkybar White Chocolate Mocha Coffee Sachets | 8 pack", "price": "$7.60", "price_calculation": "$0.95 per 1ea", "category": "Bonus Cookware Credits"},
{"title": "Dove Nutritive Solutions Conditioner Intensive Repair | 320mL", "price": "$7.70", "price_calculation": "$2.41 per 100mL", "category": "Bonus Cookware Credits"},
{"title": "Dove Nutritive Solutions Daily Moisture Conditioner | 320mL", "price": "$7.70", "price_calculation": "$2.41 per 100mL", "category": "Bonus Cookware Credits"},
{"title": "Dove Hair Therapy Intensive Repair Shampoo | 320mL", "price": "$7.70", "price_calculation": "$2.41 per 100mL", "category": "Bonus Cookware Credits"},
{"title": "Dove Nutritive Solutions Daily Moisture Shampoo | 320mL", "price": "$7.70", "price_calculation": "$2.41 per 100mL", "category": "Bonus Cookware Credits"},
{"title": "Dove Daily Care Conditioner | 320mL", "price": "$7.70", "price_calculation": "$2.41 per 100mL", "category": "Bonus Cookware Credits"},
{"title": "Rexona Men Advanced Protection Sport Deodorant | 220mL", "price": "$8.50", "price_calculation": "$3.86 per 100mL", "category": "Bonus Cookware Credits"},
{"title": "Rexona Men Aerosol Advanced Workout Antiperspirant Deodorant | 220mL", "price": "$8.50", "price_calculation": "$3.86 per 100mL", "category": "Bonus Cookware Credits"},
{"title": "Dove Men Antiperspirant Aerosol Clean Comfort Zero Aluminium | 200mL", "price": "$8.50", "price_calculation": "$4.25 per 100mL", "category": "Bonus Cookware Credits"},
{"title": "Sanitarium Up&Go Liquid Breakfast Vanilla Ice Cereal No Added Sugar 6X250mL | 1.5L", "price": "$9.85", "price_calculation": "$6.57 per 1L", "category": "Bonus Cookware Credits"},
{"title": "Bulla Murray St Caramel Maple Macadamia Ice Cream Sticks 4 pack | 400mL", "price": "$10.00", "price_calculation": "$2.50 per 100mL", "category": "Bonus Cookware Credits"},
{"title": "Bulla Murray St Vanilla Bean & Chocolate Almonds Ice cream Sticks 4 Pack | 400mL", "price": "$10.00", "price_calculation": "$2.50 per 100mL", "category": "Bonus Cookware Credits"},
{"title": "Colgate Zig Zag Medium Toothbrush Value Pack | 6 pack", "price": "$10.00", "price_calculation": "$1.67 per 1ea", "category": "Bonus Cookware Credits"},
{"title": "Nescafe 98% Sugar Free Caramel Latte Coffee Sachets 13.5g | 26 pack", "price": "$11.00", "price_calculation": "$0.42 per 1ea", "category": "Bonus Cookware Credits"},
{"title": "I&J Lemon Crumb Fish Fillets | 1kg", "price": "$13.00", "price_calculation": "$13.00 per 1kg", "category": "Bonus Cookware Credits"},
{"title": "Tetley Extra Strong Black Tea Bags 100 pack | 200g", "price": "$4.60", "price_calculation": "$0.05 per 1ea", "category": "Winter Essentials"},
{"title": "Cadbury Instant Hot Chocolate Blend 6x25g | 6 pack", "price": "$6.00", "price_calculation": "$1.00 per 1ea", "category": "Winter Essentials"},
{"title": "Vegeta Real Gourmet Stock | 500g", "price": "$6.50", "price_calculation": "$1.30 per 100g", "category": "Winter Essentials"},
{"title": "Grinders Caffe Crema Coffee | 1kg", "price": "$24.50", "price_calculation": "$2.45 per 100g", "category": "Winter Essentials"},
{"title": "Just Pink Gin Soda 330mL | 4 Pack", "price": "$19.00", "price_calculation": "$14.39 per 1L", "category": "Winter Essentials"},
{"title": "Hennessy VS Cognac 700mL | 1 Each", "price": "$75.00", "price_calculation": null, "category": "Winter Essentials"},
{"title": "Wirra Wirra Church Block Red Blend 750mL | 1 Each", "price": "$25.00", "price_calculation": "$33.33 per 1L", "category": "Winter Essentials"},
{"title": "Balter XPA Can 375mL | 16 Pack", "price": "$60.00", "price_calculation": "$1.00 per 100mL", "category": "Winter Essentials"},
{"title": "Bundaberg UP & Cola Can 375mL | 24 Pack", "price": "$94.00", "price_calculation": "$1.04 per 100mL", "category": "Winter Essentials"},
{"title": "Oxo Beef Stock Cubes | 71g", "price": "$2.30", "price_calculation": "$0.32 per 10g", "category": "Winter Essentials"},
{"title": "La Zuppa Pouch Roasted Pumpkin Soup | 540g", "price": "$3.00", "price_calculation": "$0.56 per 100g", "category": "Winter Essentials"},
{"title": "Continental Cup A Soup Chicken Noodle Soup Serves 4 | 40g", "price": "$3.00", "price_calculation": "$7.50 per 100g", "category": "Winter Essentials"},
{"title": "Tip Top Multigrain English Muffins 6 Pack | 400g", "price": "$3.00", "price_calculation": "$0.75 per 100g", "category": "Winter Essentials"},
{"title": "Coles Ultra Surface Spray Disinfectant Spring Fresh | 300g", "price": "$4.00", "price_calculation": "$1.33 per 100g", "category": "Winter Essentials"},
{"title": "Taylors of Harrogate Yorkshire Black Tea Bags 100 pack | 220g", "price": "$5.60", "price_calculation": "$0.06 per 1ea", "category": "Winter Essentials"},
{"title": "Tetley Decaffeinated Black Tea Bags 100 pack | 185g", "price": "$6.90", "price_calculation": "$0.07 per 1ea", "category": "Winter Essentials"},
{"title": "Coles Pure Australian Honey Squeeze | 500g", "price": "$7.20", "price_calculation": "$1.44 per 100g", "category": "Winter Essentials"},
{"title": "Beechworth Pure Australian Honey Squeeze | 400g", "price": "$7.50", "price_calculation": "$1.88 per 100g", "category": "Winter Essentials"},
{"title": "Lindt Hot Chocolate Flake Milk Tin | 210g", "price": "$8.00", "price_calculation": "$3.81 per 100g", "category": "Winter Essentials"},
{"title": "Coles Pure Australian Honey | 1kg", "price": "$12.50", "price_calculation": "$1.25 per 100g", "category": "Winter Essentials"},
{"title": "Twinings Irish Breakfast Tea Bags 100 pack | 200g", "price": "$13.50", "price_calculation": "$0.14 per 1ea", "category": "Winter Essentials"},
{"title": "Nescafe Gold Original Instant Coffee Jar | 200g", "price": "$15.00", "price_calculation": "$7.50 per 100g", "category": "Winter Essentials"},
{"title": "Jordans Simply Crunchy Oat Granola | 750g", "price": "$4.25", "price_calculation": "$0.57 per 100g", "category": "Winter Essentials"},
{"title": "Vegeta Gluten Free Real Chicken Stock Powder Canned | 200g", "price": "$4.50", "price_calculation": "$2.25 per 100g", "category": "Winter Essentials"},
{"title": "Gravox Roast Meat Gravy Mix Tin | 120g", "price": "$5.00", "price_calculation": "$4.17 per 100g", "category": "Winter Essentials"},
{"title": "Dari's Pea & Ham Soup | 550g", "price": "$5.50", "price_calculation": "$1.00 per 100g", "category": "Winter Essentials"},
{"title": "Uncle Tobys Oats Quick Sachets Breakfast Cereal Original Big Bowl | 368g", "price": "$5.80", "price_calculation": "$1.58 per 100g", "category": "Winter Essentials"},
{"title": "Nescafe Strong Cappuccino Coffee Sachets | 10 pack", "price": "$7.60", "price_calculation": "$0.76 per 1ea", "category": "Winter Essentials"},
{"title": "Nescafe Cappuccino Coffee Sachets | 26 Pack", "price": "$11.00", "price_calculation": "$0.42 per 1ea", "category": "Winter Essentials"},
{"title": "Coles Pure Australian Honey Squeeze | 1kg", "price": "$13.75", "price_calculation": "$1.38 per 100g", "category": "Winter Essentials"},
{"title": "Baileys Australian Rivermint Chocolate Liqueur 700mL | 1 Each", "price": "$29.00", "price_calculation": "$41.43 per 1L", "category": "Winter Essentials"},
{"title": "Coles Liquid Real Stock Vegetable | 1L", "price": "$1.90", "price_calculation": "$0.19 per 100mL", "category": "Winter Essentials"},
{"title": "Coles Smooth Peanut Butter | 500g", "price": "$3.80", "price_calculation": "$0.76 per 100g", "category": "Winter Essentials"},
{"title": "Wild Turkey & Cola 101 Can 375mL | 10 Pack", "price": "$62.00", "price_calculation": "$16.53 per 1L", "category": "Winter Essentials"},
{"title": "-196 Double Grape 6% Can 330mL | 10 Pack", "price": "$49.00", "price_calculation": "$14.85 per 1L", "category": "Winter Essentials"},
{"title": "Pitango Soup Creamy Pumpkin Coconut | 350g", "price": "$4.75", "price_calculation": "$1.36 per 100g", "category": "Winter Essentials"},
{"title": "Gravox Chicken Gravy Mix | 120g", "price": "$5.00", "price_calculation": "$4.17 per 100g", "category": "Winter Essentials"},
{"title": "Strepsils Double Antibacterial  Soothing Sore Throat  Lozenges Honey and Lemon | 16 pack", "price": "$6.00", "price_calculation": "$0.38 per 1ea", "category": "Winter Essentials"},
{"title": "Jarrah Hot Chocolate | 285g", "price": "$8.50", "price_calculation": "$2.98 per 100g", "category": "Winter Essentials"},
{"title": "Barossa Valley Wine Co. Gravel Track GSM 750mL | 1 Each", "price": "$18.00", "price_calculation": null, "category": "Winter Essentials"},
{"title": "Bushells Blue LabelBlack Tea Bags | 100 pack", "price": "$3.85", "price_calculation": "$0.04 per 1ea", "category": "Winter Essentials"},
{"title": "Gravox Traditional Family Pack Gravy Pouch | 250g", "price": "$4.00", "price_calculation": "$1.60 per 100g", "category": "Winter Essentials"},
{"title": "Vicks VapoDrops Butter Menthol Lozenges | 24 pack", "price": "$5.00", "price_calculation": "$0.21 per 1ea", "category": "Winter Essentials"},
{"title": "Nescafe Vanilla Latte Coffee Sachets | 10 pack", "price": "$7.60", "price_calculation": "$0.76 per 1ea", "category": "Winter Essentials"},
{"title": "Voost Vitamin C 1000mg 20 Blood Orange Effervescent Tablets | 1 pack", "price": "$7.70", "price_calculation": "$7.70 per 1ea", "category": "Winter Essentials"},
{"title": "Finish 0% Ultimate Pro Dishwashing Tablets | 17 pack", "price": "$13.00", "price_calculation": "$0.76 per 1ea", "category": "Bonus Cookware Credits"},
{"title": "Coles Finest Macaroni And Cheese | 700g", "price": null, "price_calculation": null, "category": "Bonus Cookware Credits"},
{"title": "Dove Shampoo Nourishing Moisture | 820mL", "price": "$17.00", "price_calculation": "$2.07 per 100mL", "category": "Bonus Cookware Credits"},
{"title": "Dove Conditioner Daily Care | 820mL", "price": "$17.00", "price_calculation": "$2.07 per 100mL", "category": "Bonus Cookware Credits"},
{"title": "Finish Lemon All In 1 Max Dishwasher Gel | 1L", "price": "$17.50", "price_calculation": "$1.75 per 100mL", "category": "Bonus Cookware Credits"},
{"title": "Somat Gold Dishwashing Tablets | 51 pack", "price": "$21.00", "price_calculation": "$41.18 per 100ea", "category": "Bonus Cookware Credits"},
{"title": "L'Or Espresso Onyx Capsules 208g | 40 pack", "price": "$22.00", "price_calculation": "$0.55 per 1ea", "category": "Bonus Cookware Credits"},
{"title": "Finish Ultimate All In One Regular | 36 pack", "price": "$26.00", "price_calculation": "$0.72 per 1ea", "category": "Bonus Cookware Credits"},
{"title": "Finish Ultimate All In One Lemon | 100 pack", "price": "$47.00", "price_calculation": "$0.47 per 1ea", "category": "Bonus Cookware Credits"},
{"title": "Continental Spring Vegetable Soup Serves 4 | 30g", "price": "$1.70", "price_calculation": "$5.67 per 100g", "category": "Bonus Cookware Credits"},
{"title": "Fancy Feast Royale Whitemeat Tuna Cat Food | 85g", "price": "$2.30", "price_calculation": "$2.71 per 100g", "category": "Bonus Cookware Credits"},
{"title": "Continental Alfredo Garlic & Herb Pasta & Sauce Serves 3 | 85g", "price": "$2.80", "price_calculation": "$3.29 per 100g", "category": "Bonus Cookware Credits"},
{"title": "Bref Power Active Coconut Water | 50g", "price": "$3.50", "price_calculation": "$7.00 per 100g", "category": "Bonus Cookware Credits"},
{"title": "Air Wick Mini Scents Frangipani Air Freshener Refill Pack | 120g", "price": "$5.00", "price_calculation": "$4.17 per 100g", "category": "Bonus Cookware Credits"},
{"title": "Sanitarium Up&Go Dairy Free Vanilla 3x250mL | 750mL", "price": "$5.20", "price_calculation": "$6.93 per 1L", "category": "Bonus Cookware Credits"},
{"title": "L'OR Espresso Caramel Capsules | 10 pack", "price": "$5.50", "price_calculation": "$0.55 per 1ea", "category": "Bonus Cookware Credits"},
{"title": "Philadelphia Lactose Free Block | 250g", "price": "$5.70", "price_calculation": "$22.80 per 1kg", "category": "Bonus Cookware Credits"},
{"title": "Colgate 360 Advanced Soft Manual Toothbrush | 1 pack", "price": "$6.00", "price_calculation": "$6.00 per 1ea", "category": "Bonus Cookware Credits"},
{"title": "Fancy Feast Royale Broths Tuna Surimi & Prawn Cat Food 4x40g | 4 pack", "price": "$6.00", "price_calculation": "$3.75 per 100g", "category": "Bonus Cookware Credits"},
{"title": "Rexona Women's Classic Antiperspirant Aerosol Deodorant | 250mL", "price": "$6.00", "price_calculation": "$2.40 per 100mL", "category": "Bonus Cookware Credits"},
{"title": "Dove Restoring Ritual Coconut Oil & Turmeric Shampoo | 320mL", "price": "$7.70", "price_calculation": "$2.41 per 100mL", "category": "Bonus Cookware Credits"},
{"title": "Optimum Dog Food Chicken And Rice | 6 pack", "price": "$8.00", "price_calculation": "$1.33 per 100g", "category": "Bonus Cookware Credits"},
{"title": "Optimum Dog Food Lamb And Rice | 6 pack", "price": "$8.00", "price_calculation": "$1.33 per 100g", "category": "Bonus Cookware Credits"},
{"title": "Optimum Dog Food Salmon And Rice 6x100g | 6 pack", "price": "$8.00", "price_calculation": "$1.33 per 100g", "category": "Bonus Cookware Credits"},
{"title": "Dove Antiperspirant Acai Waterlily | 220mL", "price": "$8.50", "price_calculation": "$3.86 per 100mL", "category": "Bonus Cookware Credits"},
{"title": "Dove Nourishing Secrets Antiperspirant Coconut & Jasmine | 220mL", "price": "$8.50", "price_calculation": "$3.86 per 100mL", "category": "Bonus Cookware Credits"},
{"title": "Vanish Napisan Gold Pro Oxiaction | 500g", "price": "$9.00", "price_calculation": "$18.00 per 1kg", "category": "Bonus Cookware Credits"},
{"title": "Colgate Savacol Original Mouthwash | 300mL", "price": "$11.00", "price_calculation": "$3.67 per 100mL", "category": "Bonus Cookware Credits"},
{"title": "Bulla Murray Street Ice Cream Chocolate & Fudge Ripple | 1L", "price": "$12.00", "price_calculation": "$1.20 per 100mL", "category": "Bonus Cookware Credits"},
{"title": "Bulla Murray Street Ice Cream Strawberries & Cream | 1L", "price": "$12.00", "price_calculation": "$1.20 per 100mL", "category": "Bonus Cookware Credits"},
{"title": "Sanitarium Up&Go Liquid Breakfast Caramel Fridge Pack 12X250mL | 3L", "price": "$14.50", "price_calculation": "$4.83 per 1L", "category": "Bonus Cookware Credits"},
{"title": "Nescafe Gold Smooth Mild Ground Coffee | 180g", "price": "$15.00", "price_calculation": "$8.33 per 100g", "category": "Bonus Cookware Credits"},
{"title": "Finish Ultimate All In One Lemon | 18 pack", "price": "$15.00", "price_calculation": "$0.83 per 1ea", "category": "Bonus Cookware Credits"},
{"title": "Botanica Vanilla & Himalayan Magnolia Liquid Electric Prime | 19mL", "price": "$17.00", "price_calculation": "$8.95 per 10mL", "category": "Bonus Cookware Credits"},
{"title": "Dove Shampoo Intensive Repair | 820mL", "price": "$17.00", "price_calculation": "$2.07 per 100mL", "category": "Bonus Cookware Credits"},
{"title": "Optimum Grainfree Dry Cat Food Sensitive Oceanfish | 1.8kg", "price": "$19.00", "price_calculation": "$1.06 per 100g", "category": "Bonus Cookware Credits"},
{"title": "Dynamo Professional Odour Et Discs | 28 pack", "price": "$20.00", "price_calculation": "$0.71 per 1ea", "category": "Bonus Cookware Credits"},
{"title": "Somat Excellence Dishwashing Tablets | 45 pack", "price": "$21.00", "price_calculation": "$46.67 per 100ea", "category": "Bonus Cookware Credits"},
{"title": "L'OR Espresso Lungo Profondo Capsules | 40 pack", "price": "$22.00", "price_calculation": "$0.55 per 1ea", "category": "Bonus Cookware Credits"},
{"title": "Optimum Adult Toy / Small Breed With Chicken Vegetables & Rice Dry Dog Food | 3kg", "price": "$22.00", "price_calculation": "$0.73 per 100g", "category": "Bonus Cookware Credits"},
{"title": "Coles Finest Carbon Neutral Beef Blade Roast | approx 800g", "price": "$18.40", "price_calculation": "$23.00 per 1kg", "category": "Bonus Cookware Credits"},
{"title": "Optimum Puppy Chicken Dry Dog Food | 7kg", "price": "$33.50", "price_calculation": "$0.48 per 100g", "category": "Bonus Cookware Credits"},
{"title": "Grant Burge 5th Gen Barossa Cabernet Merlot 750mL | 1 Each", "price": "$14.00", "price_calculation": "$18.67 per 1L", "category": "Winter Essentials"},
{"title": "Jameson Irish Whiskey 700mL | 1 Each", "price": "$63.00", "price_calculation": "$90.00 per 1L", "category": "Winter Essentials"},
{"title": "Heinz Big Red Tomato Soup Can Salt Reduced | 420g", "price": "$2.00", "price_calculation": "$0.48 per 100g", "category": "Winter Essentials"},
{"title": "Kleenex Allergy Comfort 3 Ply Facial Tissues | 85 pack", "price": "$2.60", "price_calculation": "$3.06 per 100ea", "category": "Winter Essentials"},
{"title": "Continental Cup A Soup Tomato Soup Serves 4 | 80g", "price": "$3.00", "price_calculation": "$3.75 per 100g", "category": "Winter Essentials"},
{"title": "Coles Kitchen Tomato & Basil Soup | 300g", "price": "$3.00", "price_calculation": "$1.00 per 100g", "category": "Winter Essentials"},
{"title": "Uncle Tobys Oats Quick Sachets Creamy Vanilla | 350g", "price": "$6.30", "price_calculation": "$1.80 per 100g", "category": "Winter Essentials"},
{"title": "Coles Kitchen Broccoli Cauliflower & Parmesan Soup | 300g", "price": "$3.00", "price_calculation": "$1.00 per 100g", "category": "Winter Essentials"},
{"title": "Jordans Crispy Oat Clusters Strawberry | 500g", "price": "$4.25", "price_calculation": "$0.85 per 100g", "category": "Winter Essentials"},
{"title": "Nescafe Cappuccino Coffee Sachets | 10 pack", "price": "$7.60", "price_calculation": "$0.76 per 1ea", "category": "Winter Essentials"},
{"title": "Coles Urban Coffee Culture Strong Beans | 1kg", "price": "$12.00", "price_calculation": "$1.20 per 100g", "category": "Winter Essentials"},
{"title": "Coles Lamb Shoulder Roast On The Bone | approx 2.2kg", "price": "$30.80", "price_calculation": "$14.00 per 1kg", "category": "Winter Essentials"},
{"title": "Vittoria Mountain Grown Coffee Beans | 1kg", "price": "$22.00", "price_calculation": "$2.20 per 100g", "category": "Winter Essentials"},
{"title": "Pablo & Pedro Tempranillo 750mL | 1 Each", "price": "$8.00", "price_calculation": "$10.67 per 1L", "category": "Winter Essentials"},
{"title": "St Huberts The Stag Pinot Noir 750mL | 1 Each", "price": "$15.00", "price_calculation": "$20.00 per 1L", "category": "Winter Essentials"},
{"title": "Coles Mini Marshmallows Pink & White | 100g", "price": "$2.00", "price_calculation": "$2.00 per 100g", "category": "Winter Essentials"},
{"title": "Coles Kitchen Chicken & Vegetable Soup | 300g", "price": null, "price_calculation": null, "category": "Winter Essentials"},
{"title": "Vicks Vapodrop Butter Menthol Lozenges | 42 pack", "price": "$5.35", "price_calculation": "$0.13 per 1ea", "category": "Winter Essentials"},
{"title": "Uncle Tobys Original Oats Quick Sachets 10 pack | 340g", "price": "$6.30", "price_calculation": "$1.85 per 100g", "category": "Winter Essentials"},
{"title": "Nurofen Zavance Fast Pain Relief Caplets 256mg Ibuprofen | 24 pack", "price": "$7.50", "price_calculation": "$0.31 per 1ea", "category": "Winter Essentials"},
{"title": "Hardys Tintara Mclaren Vale Cabernet Sauvignon 750mL | 1 Each", "price": "$30.00", "price_calculation": "$40.00 per 1L", "category": "Winter Essentials"},
{"title": "Chivas Regal 12YO Scotch Whisky 700mL | 1 Each", "price": "$63.00", "price_calculation": "$90.00 per 1L", "category": "Winter Essentials"},
{"title": "Captain Morgan Spiced Rum 1L | 1 Each", "price": "$62.00", "price_calculation": "$62.00 per 1L", "category": "Winter Essentials"},
{"title": "Campbell's Chunky Soup Can Irish Stew Style | 505g", "price": "$2.25", "price_calculation": "$0.45 per 100g", "category": "Winter Essentials"},
{"title": "Quilton 3 Ply Tissues Cooling Vitamin E | 95 pack", "price": "$2.80", "price_calculation": "$2.95 per 100ea", "category": "Winter Essentials"},
{"title": "Coles Kitchen Pea & Ham Soup | 300g", "price": "$3.00", "price_calculation": "$1.00 per 100g", "category": "Winter Essentials"},
{"title": "Coles Kitchen Chicken Laksa Soup | 300g", "price": "$3.00", "price_calculation": "$1.00 per 100g", "category": "Winter Essentials"},
{"title": "Vegeta Gluten Free Real Gourmet Stock Powder Canned | 250g", "price": "$4.50", "price_calculation": "$1.80 per 100g", "category": "Winter Essentials"},
{"title": "Dari's Beef & Barley Soup | 550g", "price": "$5.50", "price_calculation": "$1.00 per 100g", "category": "Winter Essentials"},
{"title": "Uncle Tobys Oats Quick Sachets Creamy Honey | 350g", "price": "$6.30", "price_calculation": "$1.80 per 100g", "category": "Winter Essentials"},
{"title": "Lotus Biscoff Spread | 400g", "price": "$7.50", "price_calculation": "$1.88 per 100g", "category": "Winter Essentials"},
{"title": "Codral Cold & Flu Tablets | 20 pack", "price": "$12.80", "price_calculation": "$0.64 per 1ea", "category": "Winter Essentials"},
{"title": "Moccona Classic Medium Roast Instant Coffee | 200g", "price": "$16.00", "price_calculation": "$8.00 per 100g", "category": "Winter Essentials"},
{"title": "Coldstream Hills The Hills Pinot Noir 750mL | 1 Each", "price": "$20.00", "price_calculation": "$26.67 per 1L", "category": "Winter Essentials"},
{"title": "Continental Chicken Stock Pot | 112g", "price": "$2.25", "price_calculation": "$2.01 per 100g", "category": "Winter Essentials"},
{"title": "Coles Happy Gut English Muffins | 6 Pack", "price": "$2.45", "price_calculation": "$0.41 per 1ea", "category": "Winter Essentials"},
{"title": "Coles Foaming Hand Wash Lime & Mint Antibacterial | 250mL", "price": "$2.60", "price_calculation": "$1.04 per 100mL", "category": "Winter Essentials"},
{"title": "Golden Fluffy & Delicious Waffles 5 pack | 275g", "price": "$4.50", "price_calculation": "$1.64 per 100g", "category": "Winter Essentials"},
{"title": "Queen Victoria English Breakfast Tea Bags | 100 pack", "price": "$5.50", "price_calculation": "$0.06 per 1ea", "category": "Winter Essentials"},
{"title": "Coles Pure Australian Honey Squeeze | 375g", "price": "$5.50", "price_calculation": "$1.47 per 100g", "category": "Winter Essentials"},
{"title": "Uncle Tobys Oats Quick Sachets Breakfast Cereal Creamy Honey | 700g", "price": "$9.50", "price_calculation": "$1.36 per 100g", "category": "Winter Essentials"},
{"title": "Green's Pancake Shake Mix Maple Syrup | 325g", "price": "$2.10", "price_calculation": "$0.65 per 100g", "category": "Winter Essentials"},
{"title": "Wellness Road Almond Spread | 250g", "price": "$5.70", "price_calculation": "$2.28 per 100g", "category": "Winter Essentials"},
{"title": "Woodstock 4.8% Bourbon & Cola Can 375mL | 6 Pack", "price": "$31.00", "price_calculation": "$1.38 per 100mL", "category": "Winter Essentials"},
{"title": "Sanitarium Natural Smooth Peanut Butter Spread | 375g", "price": "$3.50", "price_calculation": "$0.93 per 100g", "category": "Winter Essentials"},
{"title": "Tamar Valley The Creamery Peaches & Cream | 700g", "price": "$7.50", "price_calculation": "$1.07 per 100g", "category": "Bonus Cookware Credits"},
{"title": "I&J Frozen Tasty Lightly Crumbed Calamari Rings | 400g", "price": "$9.00", "price_calculation": "$22.50 per 1kg", "category": "Bonus Cookware Credits"},
{"title": "Coles Finest Angus Beef Ravioli With Tomato Sugo | 400g", "price": null, "price_calculation": null, "category": "Bonus Cookware Credits"},
{"title": "Sanitarium Up&Go Protein Energize Lqd Breakfast Strawberry 6X250Ml | 1.5L", "price": "$9.85", "price_calculation": "$6.57 per 1L", "category": "Bonus Cookware Credits"},
{"title": "Sanitarium Up&Go Banana Cereal 6X250mL | 1.5L", "price": "$9.85", "price_calculation": "$6.57 per 1L", "category": "Bonus Cookware Credits"},
{"title": "Nescafe Dolce Gusto Espresso Intenso Coffee Capsules 16 pack | 96g", "price": "$10.00", "price_calculation": "$0.63 per 1ea", "category": "Bonus Cookware Credits"},
{"title": "Bulla Murray St Hazelnut Fudge 4 Pack | 400mL", "price": "$10.00", "price_calculation": "$2.50 per 100mL", "category": "Bonus Cookware Credits"},
{"title": "Dove Shampoo Daily Care | 820mL", "price": "$17.00", "price_calculation": "$2.07 per 100mL", "category": "Bonus Cookware Credits"},
{"title": "Lindt Gourmet Truffles | 192g", "price": "$19.00", "price_calculation": "$9.90 per 100g", "category": "Bonus Cookware Credits"},
{"title": "Optimum Adult 7+ Years Chicken Vegetable and Rice Dry Dog Food | 2.7Kg", "price": "$22.00", "price_calculation": "$0.81 per 100g", "category": "Bonus Cookware Credits"},
{"title": "Finish Classic Lemon Concentrated Powder | 2kg", "price": "$24.00", "price_calculation": "$1.20 per 100g", "category": "Bonus Cookware Credits"},
{"title": "Finish Power Essential Auto Dishwash Tablets Lemon Sparkle | 125 pack", "price": "$48.00", "price_calculation": "$0.38 per 1ea", "category": "Bonus Cookware Credits"},
{"title": "Coles Finest Dutch 6 Month Aged Goats Gouda | approx 125g ", "price": "$7.00", "price_calculation": "$56.00 per 1kg", "category": "Bonus Cookware Credits"},
{"title": "Coles Finest French 18 Month Aged Comte | approx 130g", "price": "$9.23", "price_calculation": "$71.00 per 1kg", "category": "Bonus Cookware Credits"},
{"title": "Heinz Canned Spaghetti With Cheese | 300g", "price": "$2.20", "price_calculation": "$7.33 per 1kg", "category": "Bonus Cookware Credits"},
{"title": "U by Kotex Sport Tampons Super | 16 pack", "price": "$2.95", "price_calculation": "$0.18 per 1ea", "category": "Bonus Cookware Credits"},
{"title": "Golden Circle Refreshers Cool Crush Flavoured Water Drink 250mL | 6 pack", "price": "$3.50", "price_calculation": "$2.33 per 1L", "category": "Bonus Cookware Credits"},
{"title": "Lindt Les Grandes White Almond  Block Chocolate | 150g", "price": "$4.20", "price_calculation": "$2.80 per 100g", "category": "Bonus Cookware Credits"},
{"title": "Glad Kitchen Tidy Bags Wavetop Color Medium | 34 pack", "price": "$4.40", "price_calculation": "$0.13 per 1ea", "category": "Bonus Cookware Credits"},
{"title": "Air Wick Air Freshener Aerosol Vanilla | 237g", "price": "$4.50", "price_calculation": "$1.90 per 100g", "category": "Bonus Cookware Credits"},
{"title": "Rexona Women Antiperspirant Roll On Deodorant Classic | 50mL", "price": "$4.50", "price_calculation": "$9.00 per 100mL", "category": "Bonus Cookware Credits"},
{"title": "Colgate Total Mouthwash Reviving Cool Mint | 500mL", "price": "$5.00", "price_calculation": "$1.00 per 100mL", "category": "Bonus Cookware Credits"},
{"title": "Maggi 2 Minute Oriental Flavour Noodles 5 Pack | 370g", "price": "$5.00", "price_calculation": "$1.35 per 100g", "category": "Bonus Cookware Credits"},
{"title": "Fancy Feast Adult Salmon & Oceanfish Cat Food | 450g", "price": "$5.50", "price_calculation": "$1.22 per 100g", "category": "Bonus Cookware Credits"},
{"title": "Uncle Toby's Nutritious Snacks Oat Slice Chocolate Chip | 140g", "price": "$5.50", "price_calculation": "$3.93 per 100g", "category": "Bonus Cookware Credits"},
{"title": "Vanish Preen Gold Oxi Action Fabric Stain Remover Refill | 375mL", "price": "$6.00", "price_calculation": "$16.00 per 1L", "category": "Bonus Cookware Credits"},
{"title": "Coles Finest Angus Beef Ragu Ravioli | 350g", "price": "$6.00", "price_calculation": "$1.71 per 100g", "category": "Bonus Cookware Credits"},
{"title": "Dove Daily Care Shampoo | 320mL", "price": "$7.70", "price_calculation": "$2.41 per 100mL", "category": "Bonus Cookware Credits"},
{"title": "Colgate 360 Charcoal Soft Toothbrush | 3 pack", "price": "$8.40", "price_calculation": "$2.80 per 1ea", "category": "Bonus Cookware Credits"},
{"title": "Rexona Men Antiperspirant Aerosol Advanced Invisible Ice Fresh | 220mL", "price": "$8.50", "price_calculation": "$3.86 per 100mL", "category": "Bonus Cookware Credits"},
{"title": "Rexona Women's Antiperspirant Aerosol Advanced Bright Bouquet Deodorant | 220mL", "price": "$8.50", "price_calculation": "$3.86 per 100mL", "category": "Bonus Cookware Credits"},
{"title": "Dove Antiperspirant Aerosol Cucumbr And Grn Tea Zero Almnm | 200mL", "price": "$8.50", "price_calculation": "$4.25 per 100mL", "category": "Bonus Cookware Credits"},
{"title": "Uncle Toby's Plus Immunity | 690g", "price": "$8.80", "price_calculation": "$1.28 per 100g", "category": "Bonus Cookware Credits"},
{"title": "Perfect Italiano 4 Cheese Melt | 450g", "price": "$9.00", "price_calculation": "$20.00 per 1kg", "category": "Bonus Cookware Credits"},
{"title": "Coles Finest Thai Red Chicken Curry | 400g", "price": null, "price_calculation": null, "category": "Bonus Cookware Credits"},
{"title": "Coles Finest Chicken And Pancetta Carbonara Linguine | 400g", "price": null, "price_calculation": null, "category": "Bonus Cookware Credits"},
{"title": "Vanish Napisan Oxi Action Crystal White Stain Remover | 1kg", "price": "$9.50", "price_calculation": "$9.50 per 1kg", "category": "Bonus Cookware Credits"},
{"title": "Colgate Zig Zag Value Pack Soft Toothbrush | 6 pack", "price": "$10.00", "price_calculation": "$1.67 per 1ea", "category": "Bonus Cookware Credits"},
{"title": "Nescafe Mocha Coffee Sachets | 26 Pack", "price": "$11.00", "price_calculation": "$0.42 per 1ea", "category": "Bonus Cookware Credits"},
{"title": "I&J The Finest Frozen Squid Tubes | 1kg", "price": "$12.00", "price_calculation": "$12.00 per 1kg", "category": "Bonus Cookware Credits"},
{"title": "Bulla Murray Street Ice Cream Vanilla Bean | 1L", "price": "$12.00", "price_calculation": "$1.20 per 100mL", "category": "Bonus Cookware Credits"},
{"title": "Rexona Women Clinical Protection Antiperspirant Deodorant Summer Strength | 45mL", "price": "$13.00", "price_calculation": "$28.89 per 100mL", "category": "Bonus Cookware Credits"},
{"title": "Rexona Men Original Roll On Deodorant | 50mL", "price": "$4.50", "price_calculation": "$9.00 per 100mL", "category": "Bonus Cookware Credits"},
{"title": "Sanitarium Up&Go Liquid Breakfast Choc Ice Cereal No Added Sugar 3X250mL | 750mL", "price": "$5.20", "price_calculation": "$6.93 per 1L", "category": "Bonus Cookware Credits"},
{"title": "Sanitarium Up&Go Energize Chocolate Ice 3X250mL | 750mL", "price": "$5.20", "price_calculation": "$6.93 per 1L", "category": "Bonus Cookware Credits"},
{"title": "Dove Men Fresh Clean 2 in 1 Hair Shampoo | 300mL", "price": "$5.50", "price_calculation": "$1.83 per 100mL", "category": "Bonus Cookware Credits"},
{"title": "Dove Men+Care Shampoo Daily Deep Clean 2 in 1 | 300mL", "price": "$5.50", "price_calculation": "$1.83 per 100mL", "category": "Bonus Cookware Credits"},
{"title": "L'OR Espresso Decaffeinato Ristretto Intensity 9 Coffee Capsules 52g | 10 pack", "price": "$5.50", "price_calculation": "$0.55 per 1ea", "category": "Bonus Cookware Credits"},
{"title": "Lindt Fruit Sensation Raspberry & Cranberry Dark Chocolate Bag | 150g", "price": "$6.00", "price_calculation": "$4.00 per 100g", "category": "Bonus Cookware Credits"},
{"title": "Uncle Tobys Oat Flakes Cereal | 640g", "price": "$6.00", "price_calculation": "$0.94 per 100g", "category": "Bonus Cookware Credits"},
{"title": "Rexona Men's Antiperspirant Aerosol Deodorant Quantum | 250mL", "price": "$6.00", "price_calculation": "$2.40 per 100mL", "category": "Bonus Cookware Credits"},
{"title": "I&J Original Crumbed Fish Fillets | 425g", "price": "$6.50", "price_calculation": "$15.29 per 1kg", "category": "Bonus Cookware Credits"},
{"title": "Rexona Clinical Protection Summer Strength Antiperspirant Roll On | 50mL", "price": "$8.00", "price_calculation": "$16.00 per 100mL", "category": "Bonus Cookware Credits"},
{"title": "Magnum Gold Almond Remix Ice Cream 4 Pack | 360mL", "price": "$8.00", "price_calculation": "$2.22 per 100mL", "category": "Bonus Cookware Credits"},
{"title": "Magnum Ice Cream White 4Pack | 428mL", "price": "$8.00", "price_calculation": "$1.87 per 100mL", "category": "Bonus Cookware Credits"},
{"title": "Bref Power Active Juicy Lemon Toilet Cleaner | 3 pack", "price": "$8.50", "price_calculation": "$5.67 per 100g", "category": "Bonus Cookware Credits"},
{"title": "Dove Nourshing Secret Anitperspirant Lavender Rose Water | 220mL", "price": "$8.50", "price_calculation": "$3.86 per 100mL", "category": "Bonus Cookware Credits"},
{"title": "Dove Beauty Bar Sensitive | 6 pack", "price": "$8.80", "price_calculation": "$1.47 per 1ea", "category": "Bonus Cookware Credits"},
{"title": "Sanitarium Up&Go Energize Vanilla 6x250mL | 1.5L", "price": "$9.85", "price_calculation": "$6.57 per 1L", "category": "Bonus Cookware Credits"},
{"title": "Maggi 2 Minute Noodles Chicken Wholegrain 12 Pack | 828g", "price": "$10.00", "price_calculation": "$1.21 per 100g", "category": "Bonus Cookware Credits"},
{"title": "Nescafe Dolce Gusto Cappuccino Capsules 16 pack | 186g", "price": "$10.00", "price_calculation": "$0.63 per 1ea", "category": "Bonus Cookware Credits"},
{"title": "Nescafe Dolce Gusto Americano Coffee Capsules 16 pack | 128g", "price": "$10.00", "price_calculation": "$0.63 per 1ea", "category": "Bonus Cookware Credits"},
{"title": "Nescafe Gold Intense Coffee | 200g", "price": "$15.00", "price_calculation": "$7.50 per 100g", "category": "Bonus Cookware Credits"},
{"title": "Finish Ultimate All In One Lemon | 36 pack", "price": "$26.00", "price_calculation": "$0.72 per 1ea", "category": "Bonus Cookware Credits"},
{"title": "Fancy Feast Royale Broths Tuna Whitebait Cat Food | 40g", "price": "$1.90", "price_calculation": "$4.75 per 100g", "category": "Bonus Cookware Credits"},
{"title": "Optimum Healthy Weight 1+ Years Chunks In Jelly With Chicken Cat Food Pouch | 85g", "price": "$2.10", "price_calculation": "$2.47 per 100g", "category": "Bonus Cookware Credits"},
{"title": "Optimum Mature 7+ Years Chunks In Jelly With Salmon Cat Food Pouch | 85g", "price": "$2.10", "price_calculation": "$2.47 per 100g", "category": "Bonus Cookware Credits"},
{"title": "Fancy Feast Medleys Tuna Tuscany Cat Food | 85g", "price": "$2.30", "price_calculation": "$2.71 per 100g", "category": "Bonus Cookware Credits"},
{"title": "Fancy Feast Medleys Wild Salmon Florentine Cat Food | 85g", "price": "$2.30", "price_calculation": "$2.71 per 100g", "category": "Bonus Cookware Credits"},
{"title": "Colgate My First Child Toothbrush | 1 pack", "price": "$2.80", "price_calculation": "$2.80 per 1ea", "category": "Bonus Cookware Credits"},
{"title": "Lindt Lindor Milk Chocolate Mini Cornet Box | 50g", "price": "$3.50", "price_calculation": "$7.00 per 100g", "category": "Bonus Cookware Credits"},
{"title": "Colgate Kids 0-3 Years Mild Fruit Toothpaste | 80g", "price": "$4.00", "price_calculation": "$5.00 per 100g", "category": "Bonus Cookware Credits"},
{"title": "Bref Scent Switch Peach & Apple Toilet Cleaner | 50g", "price": "$7.00", "price_calculation": "$14.00 per 100g", "category": "Bonus Cookware Credits"},
{"title": "Uncle Tobys Goodness Bowl Wholegrain Flakes Oat Clusters Pumpkin Seeds And Almonds | 645g", "price": "$4.55", "price_calculation": "$0.71 per 100g", "category": "Bonus Cookware Credits"},
{"title": "Uncle Tobys Le Snak French Onion | 132g", "price": "$5.00", "price_calculation": "$3.79 per 100g", "category": "Bonus Cookware Credits"},
{"title": "Coles Finest Filled Gnocchi Genovese Pesto | 350g", "price": "$5.00", "price_calculation": "$1.43 per 100g", "category": "Bonus Cookware Credits"},
{"title": "Glad To Be Green Plant Based Kitchen Tidy Bags Extra Large | 16 pack", "price": "$5.00", "price_calculation": "$0.31 per 1ea", "category": "Bonus Cookware Credits"},
{"title": "Sanitarium Up&Go Dairy Free Choc 3x250mL | 750mL", "price": "$5.20", "price_calculation": "$6.93 per 1L", "category": "Bonus Cookware Credits"},
{"title": "L'OR Espresso Lungo Estremo Intensity 10 Coffee Capsules 52g | 10 pack", "price": "$5.50", "price_calculation": "$0.55 per 1ea", "category": "Bonus Cookware Credits"},
{"title": "Fancy Feast Petit Cuisine Cod Salmon Cat Food 6x50g | 6 pack", "price": "$6.30", "price_calculation": "$2.10 per 100g", "category": "Bonus Cookware Credits"},
{"title": "Fancy Feast Petit Cuisine Salmon Chicken Cat Food 6x50g | 6 pack", "price": "$6.30", "price_calculation": "$2.10 per 100g", "category": "Bonus Cookware Credits"},
{"title": "Magnum Ice Cream Dairy Free Classic 3Pack | 270mL", "price": "$6.50", "price_calculation": "$2.41 per 100mL", "category": "Bonus Cookware Credits"},
{"title": "Beyond By Babylove Newborn Nappies Size 1 (Up To 5Kg) | 56 pack", "price": "$28.00", "price_calculation": "$50.00 per 100ea", "category": "Baby"},
{"title": "Beyond By Babylove Infant Nappies Size 2 (3-8Kg) | 52 pack", "price": "$28.00", "price_calculation": "$53.85 per 100ea", "category": "Baby"},
{"title": "Alula S-26 Gold Lactose Intolerance Infant Formula 0-12 Months | 900g", "price": "$29.00", "price_calculation": "$3.22 per 100g", "category": "Baby"},
{"title": "S-26 GOLD ALULA SOY FORMULA | 900g", "price": "$29.00", "price_calculation": "$3.22 per 100g", "category": "Baby"},
{"title": "CUB Zip Coverall Bear Pattern And Grey | 2 pack", "price": "$29.00", "price_calculation": "$14.50 per 1ea", "category": "Baby"},
{"title": "CUB Zip Coverall Yellow | 2 pack", "price": "$29.00", "price_calculation": "$14.50 per 1ea", "category": "Baby"},
{"title": "Aptamil Sensitive Stage 3 900g | 1 each", "price": "$29.00", "price_calculation": "$3.22 per 100g", "category": "Baby"},
{"title": "Alula S-26 Gold Reflux Infant Formula 0-12 Months | 900g", "price": "$29.00", "price_calculation": "$3.22 per 100g", "category": "Baby"},
{"title": "Tommee Tippee Baby Grooming & Healthcare Kit | 1 pack", "price": "$29.50", "price_calculation": "$29.50 per 1ea", "category": "Baby"},
{"title": "Alula S-26 Gold Delicateeze Infant Formula 0-12Months | 850g", "price": "$30.00", "price_calculation": "$3.53 per 100g", "category": "Baby"},
{"title": "Babylove Cosifit Nappies Size 4 (9-14Kg) | 60 pack", "price": "$30.00", "price_calculation": "$50.00 per 100ea", "category": "Baby"},
{"title": "Babylove Cosifit Newborn Nappies Size 1 (Up To 5Kg) | 84 pack", "price": "$30.00", "price_calculation": "$35.71 per 100ea", "category": "Baby"},
{"title": "Rascal + Friends Nappies Size 3 | 136 pack", "price": null, "price_calculation": null, "category": "Baby"},
{"title": "Sophie La Girafe Teether | 1 pack", "price": "$35.50", "price_calculation": "$35.50 per 1ea", "category": "Baby"},
{"title": "Alula Advance+ Toddler Stage 3 Formula | 800g", "price": "$36.00", "price_calculation": "$4.50 per 100g", "category": "Baby"},
{"title": "Alula Advance+ Junior Stage 4 Formula | 800g", "price": "$36.00", "price_calculation": "$4.50 per 100g", "category": "Baby"},
{"title": "Biostime SN-2 Bio Plus HPO Follow-On Formula 6-12 Months | 800g", "price": "$37.00", "price_calculation": "$4.63 per 100g", "category": "Baby"},
{"title": "Biostime SN-2 Bio Plus HPO Toddler Milk Drink 12+ Months | 800g", "price": "$37.00", "price_calculation": "$4.63 per 100g", "category": "Baby"},
{"title": "Bubs Supreme A2 Stage 3 Toddler Milk Drink | 800g", "price": "$38.00", "price_calculation": "$4.75 per 100g", "category": "Baby"},
{"title": "Alula Advance+ Follow On Stage 2 Formula | 800g", "price": "$40.00", "price_calculation": "$5.00 per 100g", "category": "Baby"},
{"title": "Bubs Supreme A2 Stage 2 Follow-On Formula | 800g", "price": "$40.00", "price_calculation": "$5.00 per 100g", "category": "Baby"},
{"title": "Oli6 Stage 2 Goat Milk Follow On Formula 6-12 Months | 800g", "price": "$40.50", "price_calculation": "$5.06 per 100g", "category": "Baby"},
{"title": "Oli6 Stage 3 Goat Milk Toddler Drink 1-3 Years | 800g", "price": "$40.50", "price_calculation": "$5.06 per 100g", "category": "Baby"},
{"title": "Huggies Ultimate Nappy Pants Size 6 (15kg & Over) | 46 pack", "price": "$41.00", "price_calculation": "$89.13 per 100ea", "category": "Baby"},
{"title": "Alula Gold Allergy Infant Formula 0-12 months | 800g", "price": "$42.00", "price_calculation": "$5.25 per 100g", "category": "Baby"},
{"title": "Rascal + Friends Nappy Pants Size 6 Junior | 46 pack", "price": "$30.00", "price_calculation": "$65.22 per 100ea", "category": "Baby"},
{"title": "Huggies Ultra Dry Nappy Pants Girls Size 6 (15kg+) | 48 pack", "price": "$30.00", "price_calculation": "$62.50 per 100ea", "category": "Baby"},
{"title": "Heinz Pureed Fruity Apples 4+ Months Glass Jar | 110g", "price": "$1.20", "price_calculation": "$1.09 per 100g", "category": "Baby"},
{"title": "CUB 100% Pure Cotton Ripple | 100g", "price": "$1.95", "price_calculation": null, "category": "Baby"},
{"title": "Little Bellies Fiddlesticks Cheese | 12g", "price": "$2.00", "price_calculation": "$16.67 per 100g", "category": "Baby"},
{"title": "Rafferty's Garden Tuna & Garden Vegetables Protein Baby Food Pouch 6+ Months | 120g", "price": "$2.00", "price_calculation": "$1.67 per 100g", "category": "Baby"},
{"title": "Rafferty's Garden Pumpkin Pear & Peach Baby Food Puree Pouch 4+ Months | 120g", "price": "$2.00", "price_calculation": "$1.67 per 100g", "category": "Baby"},
{"title": "Rafferty's Garden Blueberry & Banana Squares Baby Food Snack 8+ Months | 16g", "price": "$2.00", "price_calculation": "$12.50 per 100g", "category": "Baby"},
{"title": "Little Bellies Veggie Tubes Sweetcorn & Carrot  12m+ | 12g", "price": "$2.00", "price_calculation": "$16.67 per 100g", "category": "Baby"},
{"title": "Rafferty's Garden Vegemite Cheesy Bread Sticks 12+ Months | 30g", "price": "$2.00", "price_calculation": "$6.67 per 100g", "category": "Baby"},
{"title": "Rafferty's Garden Sweet Potato & Carrot Bread Sticks 12+ Months | 30g", "price": "$2.00", "price_calculation": "$6.67 per 100g", "category": "Baby"},
{"title": "Rafferty's Garden Apple Raisins & Chia Baked Oat Bites 12M+ Months | 30g", "price": "$2.00", "price_calculation": "$6.67 per 100g", "category": "Baby"},
{"title": "Only Organic Banana Raspberry & Vanilla Baby Food Pouch 8+ Months | 120g", "price": "$2.15", "price_calculation": "$1.79 per 100g", "category": "Baby"},
{"title": "Nestle Cerelac Baby Rice Cereal Stage 1 | 200g", "price": "$6.00", "price_calculation": "$3.00 per 100g", "category": "Baby"},
{"title": "WaterWipes Fragrance Free Sensitive Skin 180 Baby Wipes | 180 pack", "price": "$18.00", "price_calculation": "$10.00 per 100ea", "category": "Baby"},
{"title": "Nestle NAN Comfort 1 Starter Baby Infant Formula Powder From Birth  | 800g", "price": "$20.00", "price_calculation": "$2.50 per 100g", "category": "Baby"},
{"title": "Nestle NAN Comfort 2 Baby Follow-On Formula Powder From 6 To 12 Months  | 800g", "price": "$20.00", "price_calculation": "$2.50 per 100g", "category": "Baby"},
{"title": "Rascal + Friends Nappies Size 4 Toddler | 72 pack", "price": "$30.00", "price_calculation": "$41.67 per 100ea", "category": "Baby"},
{"title": "Huggies Ultra Dry Nappy Pants Girls Size 4 (9-14kg) | 62 pack", "price": "$30.00", "price_calculation": "$48.39 per 100ea", "category": "Baby"},
{"title": "Aptamil Allerpro Syneo Baby Formula Stage 2 | 900g", "price": "$40.00", "price_calculation": "$4.44 per 100g", "category": "Baby"},
{"title": "Aptamil Profutura Follow On Formula From 6-12 Months | 900g", "price": "$45.00", "price_calculation": "$5.00 per 100g", "category": "Baby"},
{"title": "Baby Bellies Organic Pea Pasrnip Soft Corn 10+ Months | 8g", "price": "$2.00", "price_calculation": "$25.00 per 100g", "category": "Baby"},
{"title": "Keep It Cleaner Toddler Apple Puffs | 22g", "price": "$2.00", "price_calculation": "$9.09 per 100g", "category": "Baby"},
{"title": "Only Organic Vanilla Bean Custard 6+ Months | 120g", "price": "$2.15", "price_calculation": "$1.79 per 100g", "category": "Baby"},
{"title": "Only Organic Banana Blueberry & Quinoa | 120g", "price": "$2.15", "price_calculation": "$1.79 per 100g", "category": "Baby"},
{"title": "Only Organic Cauliflower Broccoli & Cheddar | 120g", "price": "$2.15", "price_calculation": "$1.79 per 100g", "category": "Baby"},
{"title": "Only Organic Baby Food Mango Coconut And Quinoa | 120g", "price": "$2.15", "price_calculation": "$1.79 per 100g", "category": "Baby"},
{"title": "Only Organic Pear Banana & Apple 6+ Months | 120g", "price": "$2.15", "price_calculation": "$1.79 per 100g", "category": "Baby"},
{"title": "Only Organic Wild Rice Risotto & Spring Lamb 6+ Months | 120g", "price": "$2.15", "price_calculation": "$1.79 per 100g", "category": "Baby"},
{"title": "Only Organic Teething Rusks 6+ Months | 100g", "price": "$3.10", "price_calculation": "$3.10 per 100g", "category": "Baby"},
{"title": "Keep It Cleaner Toddler Corn & Rice Pasta Jungle Animals | 250g", "price": "$3.60", "price_calculation": "$1.44 per 100g", "category": "Baby"},
{"title": "Mighty Bellies Brown Rice Cripsy Bars Cocoa | 6 pack", "price": "$6.25", "price_calculation": "$1.04 per 1ea", "category": "Baby"},
{"title": "Johnson's Baby Fresh Scented Lotion | 500mL", "price": "$6.60", "price_calculation": "$1.32 per 100mL", "category": "Baby"},
{"title": "Huggies Refillable Baby Wipes Clutch 'N' Go | 1 pack", "price": "$8.00", "price_calculation": "$8.00 per 1ea", "category": "Baby"},
{"title": "Huggies Drynites Night Pants Girls Size 8-15 Years | 8 pack", "price": "$10.00", "price_calculation": "$1.25 per 1ea", "category": "Baby"},
{"title": "Cetaphil Baby Wash & Shampoo | 400mL", "price": "$11.06", "price_calculation": "$2.77 per 100mL", "category": "Baby"},
{"title": "Rascal + Friends Nappies Size 5 Walker | 32 pack", "price": "$16.00", "price_calculation": "$0.50 per 1ea", "category": "Baby"},
{"title": "CUB Jumbo Nappy Pants Size 4 | 50 pack", "price": "$16.00", "price_calculation": "$32.00 per 100ea", "category": "Baby"},
{"title": "Huggies Ultra Dry Nappies Boys Size 3 (6-11kg) | 44 pack", "price": "$23.00", "price_calculation": "$52.27 per 100ea", "category": "Baby"},
{"title": "Huggies Newborn Nappies Size 1 (up to 5kg) | 1 pack", "price": "$23.00", "price_calculation": "$0.43 per 1ea", "category": "Baby"},
{"title": "Nestle NAN Optipro 1 Premium Starter Baby Infant Formula Powder From Birth  | 800g", "price": "$27.00", "price_calculation": "$3.38 per 100g", "category": "Baby"},
{"title": "Babylove Cosifit Nappies Size 5 (12-17Kg) | 54 pack", "price": "$30.00", "price_calculation": "$55.56 per 100ea", "category": "Baby"},
{"title": "Rascal + Friends Nappies Size 3 Crawler | 88 pack", "price": "$30.00", "price_calculation": "$34.09 per 100ea", "category": "Baby"},
{"title": "A2 Follow On Stage 2 Platinum Premium Infant Formula | 900g", "price": "$40.50", "price_calculation": "$4.50 per 100g", "category": "Baby"},
{"title": "Aptamil Profutura Toddler Formula From 1 Year | 900g", "price": "$43.00", "price_calculation": "$4.78 per 100g", "category": "Baby"},
{"title": "Aptamil Profutura Infant Formula From 0-6 Months | 900g", "price": "$45.00", "price_calculation": "$5.00 per 100g", "category": "Baby"},
{"title": "Karicare Goat Milk Infant Formula | 900g", "price": "$50.00", "price_calculation": "$5.56 per 100g", "category": "Baby"},
{"title": "Coles Apple Pear And Banana 6+ Months | 120g", "price": "$1.00", "price_calculation": "$0.83 per 100g", "category": "Baby"},
{"title": "Mum-Mum Pea Snacks Apple & Cinnamon 12M+  | 12g", "price": "$1.50", "price_calculation": "$12.50 per 100g", "category": "Baby"},
{"title": "Bellamy's Organic Apple & Fig Oatmeal Puree 4+ Months | 120g", "price": "$2.00", "price_calculation": "$1.67 per 100g", "category": "Baby"},
{"title": "Rafferty's Garden Beef Sweet Potato & Parsnip Protein Baby Food Pouch 6+ Months | 120g", "price": "$2.00", "price_calculation": "$1.67 per 100g", "category": "Baby"},
{"title": "Rafferty's Garden Chicken Peas & Wholemeal Pasta Baby Food Pouch 6+ Months | 120g", "price": "$2.00", "price_calculation": "$1.67 per 100g", "category": "Baby"},
{"title": "Mighty Bellies Lentil Puffs BBQ Flavoured | 10g", "price": "$2.00", "price_calculation": "$20.00 per 100g", "category": "Baby"},
{"title": "Only Organic Banana Vanilla & Greek Yoghurt Brekkie | 100g", "price": "$2.50", "price_calculation": "$2.50 per 100g", "category": "Baby"},
{"title": "Only Organic Mango & Goji Berry Greek Yoghurt Brekkie 1-5 Years | 100g", "price": null, "price_calculation": null, "category": "Baby"},
{"title": "Only Organic Coconut Strawberry & Goji | 100g", "price": "$2.50", "price_calculation": "$2.50 per 100g", "category": "Baby"},
{"title": "Only Organic Sweet Potato Lamb & Couscous Baby Food Pouch 10+ Months | 170g", "price": "$2.90", "price_calculation": "$1.71 per 100g", "category": "Baby"},
{"title": "Only Organic Lentils Vegetables Barley & Coconut Baby Food Pouch 10+ Month | 170g", "price": "$2.90", "price_calculation": "$1.71 per 100g", "category": "Baby"},
{"title": "CUB Baby Oil | 500mL", "price": "$3.00", "price_calculation": "$0.60 per 100mL", "category": "Baby"},
{"title": "Bubs Organic Apple & Barley Toothy Rusks Lactose Free | 6 pack", "price": "$4.00", "price_calculation": "$0.67 per 1ea", "category": "Baby"},
{"title": "Little Bellies Organic Oat & Raisin Abc's Biscuits | 130g", "price": "$4.75", "price_calculation": "$3.65 per 100g", "category": "Baby"},
{"title": "Sudocrem Healing Cream | 30g", "price": "$6.50", "price_calculation": "$21.67 per 100g", "category": "Baby"},
{"title": "Johnson's Baby Shampoo | 500mL", "price": "$6.60", "price_calculation": "$1.32 per 100mL", "category": "Baby"},
{"title": "Johnson's Baby Top-To-Toe Baby Bath | 500mL", "price": "$6.60", "price_calculation": "$1.32 per 100mL", "category": "Baby"},
{"title": "CUB 2 In 1 Bottle & Teat Brush With Silicone Base | 1 each", "price": "$7.00", "price_calculation": "$7.00 per 1ea", "category": "Baby"},
{"title": "Milton Concentrated Anti-Bacterial Solution | 500mL", "price": "$8.99", "price_calculation": "$1.80 per 100mL", "category": "Baby"},
{"title": "Curash Baby Shampoo & Conditioner | 400mL", "price": "$9.00", "price_calculation": "$2.25 per 100mL", "category": "Baby"},
{"title": "CUB Junior Nappy Pants Size 6 | 21 pack", "price": "$9.50", "price_calculation": "$0.45 per 1ea", "category": "Baby"},
{"title": "Bepanthen Nappy Rash Ointment | 100g", "price": "$13.00", "price_calculation": "$13.00 per 100g", "category": "Baby"},
{"title": "Babylove Sleepynights Pants 2-4 Years (12-18Kg) | 12 pack", "price": "$14.00", "price_calculation": "$1.17 per 1ea", "category": "Baby"},
{"title": "Babylove Cosifit Nappies Size 4 (9-14Kg) | 34 pack", "price": "$16.00", "price_calculation": "$0.47 per 1ea", "category": "Baby"},
{"title": "Rascal + Friends Nappy Pants Size 5 Walker | 26 pack", "price": "$16.50", "price_calculation": "$0.63 per 1ea", "category": "Baby"},
{"title": "Rascal + Friends Nappy Pants Size 6 Junior | 24 pack", "price": "$16.50", "price_calculation": "$0.69 per 1ea", "category": "Baby"},
{"title": "Karicare+ 2 Baby Follow-On Formula From 6-12 Months | 900g", "price": "$21.00", "price_calculation": "$2.33 per 100g", "category": "Baby"},
{"title": "Huggies Ultra Dry Nappy Pants Girls Size 6 (15kg+) | 24 pack", "price": "$22.00", "price_calculation": "$0.92 per 1ea", "category": "Baby"},
{"title": "Huggies Ultra Dry Nappies Girls Size 3 (6-11kg) | 44 pack", "price": "$23.00", "price_calculation": "$52.27 per 100ea", "category": "Baby"},
{"title": "Alula S-26 Gold Stage 1 Formula 0-6Months | 900g", "price": "$30.00", "price_calculation": "$3.33 per 100g", "category": "Baby"},
{"title": "Rascal + Friends Nappies Size 5 Walker | 64 pack", "price": "$30.00", "price_calculation": "$46.88 per 100ea", "category": "Baby"},
{"title": "Huggies Ultra Dry Nappy Pants Boy Size 4 (9-14kg) | 62 pack", "price": "$30.00", "price_calculation": "$48.39 per 100ea", "category": "Baby"},
{"title": "Nestle Nan Supremepro 2 Premium Baby Follow-on Formula Powder From 6 to 12 Months | 800g", "price": "$36.00", "price_calculation": "$4.50 per 100g", "category": "Baby"},
{"title": "A2 Toddler Stage 3 Platinum Premium Formula | 900g", "price": "$38.00", "price_calculation": "$4.22 per 100g", "category": "Baby"},
{"title": "Karicare Goat Milk Toddler Milk Drink | 900g", "price": "$48.00", "price_calculation": "$5.33 per 100g", "category": "Baby"},
{"title": "Kiddylicious Strawberry Fruity Puffs | 10g", "price": "$1.70", "price_calculation": "$17.00 per 100g", "category": "Baby"},
{"title": "Rafferty's Garden Red Lentil Carrot & Sweet Potato 8+ Months  | 120g", "price": "$2.00", "price_calculation": "$1.67 per 100g", "category": "Baby"},
{"title": "Only Organic Apple Peach Apricot Pouch | 120g", "price": null, "price_calculation": null, "category": "Baby"},
{"title": "CUB Baby Cotton Buds | 60 pack", "price": "$2.50", "price_calculation": "$0.21 per 1kgM", "category": "Baby"},
{"title": "Kiddylicious Wafers Blueberry 4x4g | 16g", "price": "$2.50", "price_calculation": "$15.63 per 100g", "category": "Baby"},
{"title": "Only Organic Minted Peas Blackcurrant & Lamb Baby Food Pouch 8+ Months | 120g", "price": "$2.15", "price_calculation": "$1.79 per 100g", "category": "Baby"},
{"title": "Only Organic  Blueberry Purple Carrot Rice Cakes | 20g", "price": "$2.65", "price_calculation": "$13.25 per 100g", "category": "Baby"},
{"title": "Babylove Sleepy Night Pants 4-7 Years (18-35Kg) | 9 pack", "price": "$12.50", "price_calculation": "$1.39 per 1ea", "category": "Baby"},
{"title": "Huggies Thick Baby Wipes 99% Purified Water 3x72 Pack | 1 pack", "price": "$14.00", "price_calculation": "$0.06 per 1ea", "category": "Baby"},
{"title": "Aptamil Gold+ 1 Baby Infant Formula From 0-6 Months | 900g", "price": "$32.00", "price_calculation": "$3.56 per 100g", "category": "Baby"},
{"title": "Bubs Organic Little Rollies Hazelnut | 25g", "price": "$1.80", "price_calculation": "$7.20 per 100g", "category": "Baby"},
{"title": "Little Bellies Softcorn Berry & Apple | 8g", "price": "$2.00", "price_calculation": "$25.00 per 100g", "category": "Baby"},
{"title": "Rafferty's Garden Pear Puree and Nothing Else Baby Food Pouch 4+ Months | 120g", "price": "$2.00", "price_calculation": "$1.67 per 100g", "category": "Baby"},
{"title": "Rafferty's Garden Apple Pear & Cinnamon Porridge Baby Food Pouch 6+ Months | 120g", "price": "$2.00", "price_calculation": "$1.67 per 100g", "category": "Baby"},
{"title": "Rafferty's Garden Brown Rice Bean & Pumpkin Baby Food Pouch 8+ Months | 120g", "price": "$2.00", "price_calculation": "$1.67 per 100g", "category": "Baby"},
{"title": "Rafferty's Garden Summer Fruits & Quinoa Baby Food Prebiotics Pouch 6+ Months | 120g", "price": "$2.00", "price_calculation": "$1.67 per 100g", "category": "Baby"},
{"title": "Rafferty's Garden Apple Sticks Baby Food Snack 8+ Months | 15g", "price": "$2.00", "price_calculation": "$13.33 per 100g", "category": "Baby"},
{"title": "Only Organic  Chicken Cheese & Cauliflower Rice | 120g", "price": "$2.15", "price_calculation": "$1.79 per 100g", "category": "Baby"},
{"title": "Only Organic Pear & Mango Baby Food Pouch 4+ Months | 120g", "price": "$2.15", "price_calculation": "$1.79 per 100g", "category": "Baby"},
{"title": "Only Organic Chicken Sweetcorn & Brown Rice Baby Food Pouch 6+ Months | 120g", "price": "$2.15", "price_calculation": "$1.79 per 100g", "category": "Baby"},
{"title": "Only Organic Carrots Red Lentils & Cheddar Baby Food Pouch 8+ Months | 120g", "price": "$2.15", "price_calculation": "$1.79 per 100g", "category": "Baby"},
{"title": "Only Organic Beef Bolognese Pasta 1-5 Years | 220g", "price": "$3.00", "price_calculation": "$1.36 per 100g", "category": "Baby"},
{"title": "Only Organic Kindy 1-5 Years Vegetable Macaroni & Cheese Pasta Express | 220g", "price": "$3.00", "price_calculation": "$1.36 per 100g", "category": "Baby"},
{"title": "Swisspers Baby Cotton Tips Paper Stem | 40 pack", "price": "$3.00", "price_calculation": "$0.08 per 1ea", "category": "Baby"},
{"title": "Only Organic Yoghurt Rice Cakes | 30g", "price": "$4.00", "price_calculation": "$13.33 per 100g", "category": "Baby"},
{"title": "Little Bellies Mini Gingerbread Men | 130g", "price": "$4.75", "price_calculation": "$3.65 per 100g", "category": "Baby"},
{"title": "Kiddylicious Coconut Rolls 8x6.8g | 54.4g", "price": "$5.00", "price_calculation": "$9.19 per 100g", "category": "Baby"},
{"title": "Curash Baby care Fragrance Free 80 Baby Wipes | 1 pack", "price": "$5.50", "price_calculation": "$5.50 per 1ea", "category": "Baby"},
{"title": "Rafferty's Garden Mixed Berry Yoghurt Buttons Baby Food Snack 12+ Months | 28g", "price": "$6.00", "price_calculation": "$21.43 per 100g", "category": "Baby"},
{"title": "Johnson's Baby Oil Aloe Vera & Vitamin E | 500mL", "price": "$7.50", "price_calculation": "$1.50 per 100mL", "category": "Baby"},
{"title": "WaterWipes Fragrance Free Sensitive Skin 60 Baby Wipes | 60 pack", "price": "$8.00", "price_calculation": "$13.33 per 100ea", "category": "Baby"},
{"title": "CUB Walker Nappy Pants Size 5 | 23 pack", "price": "$9.50", "price_calculation": "$0.41 per 1ea", "category": "Baby"},
{"title": "Babylove Sleepy Night Pants 8-15 Years 27-57Kg | 8 pack", "price": "$12.50", "price_calculation": "$1.56 per 1ea", "category": "Baby"},
{"title": "Babylove Nappy Pants Size 6 (15-25Kg) | 22 pack", "price": "$20.00", "price_calculation": "$0.91 per 1ea", "category": "Baby"},
{"title": "Heinz Pureed Fruity Pears 4+ Months Glass Jar | 110g", "price": "$1.20", "price_calculation": "$1.09 per 100g", "category": "Baby"},
{"title": "Kiddylicious Veggie Straws Cheesy Flavour | 12g", "price": "$1.70", "price_calculation": "$14.17 per 100g", "category": "Baby"},
{"title": "Bellamy's Organic Banana & Apple Porridge Puree 4+ Months | 120g", "price": "$2.00", "price_calculation": "$1.67 per 100g", "category": "Baby"},
{"title": "Baby Bellies Organic Pumpkin And Carrot Soft Corn 10+ Months | 8g", "price": "$2.00", "price_calculation": "$25.00 per 100g", "category": "Baby"},
{"title": "Rafferty's Garden Rice Cereal Pear Banana & Milk No Added Sugar Baby Food Pouch 4+ Months | 120g", "price": "$2.00", "price_calculation": "$1.67 per 100g", "category": "Baby"},
{"title": "Only Organic Carrot Apple Rice Cakes | 20g", "price": "$2.65", "price_calculation": "$13.25 per 100g", "category": "Baby"},
{"title": "CUB Apricot Fruit & Oat Bar 6x15g | 90g", "price": "$2.75", "price_calculation": "$3.06 per 100g", "category": "Baby"},
{"title": "Bellamy's Organic Apple Baby Snacks | 20g", "price": "$3.50", "price_calculation": "$17.50 per 100g", "category": "Baby"},
{"title": "Rafferty's Garden Apple Snack Bars Made with Real Fruit 8 Pack Baby Food 12+ Months | 128g", "price": "$4.50", "price_calculation": "$3.52 per 100g", "category": "Baby"},
{"title": "Only Organic Banana Biscotti | 100g", "price": "$5.00", "price_calculation": "$5.00 per 100g", "category": "Baby"},
{"title": "Nestle Cerelac Oats & Wheat with Prune Baby Cereal Stage 2 | 200g", "price": "$6.00", "price_calculation": "$3.00 per 100g", "category": "Baby"},
{"title": "Kiddylicious Veggie Straws | 4 pack", "price": "$7.80", "price_calculation": "$1.95 per 1ea", "category": "Baby"},
{"title": "CUB Unisex Infant Nappies Size 2 | 56 pack", "price": "$11.50", "price_calculation": "$20.54 per 100ea", "category": "Baby"},
{"title": "Rascal + Friends Nappies Size 6 Junior | 30 pack", "price": "$16.00", "price_calculation": "$0.53 per 1ea", "category": "Baby"},
{"title": "Babylove Cosifit Nappies Size 6 (15-25Kg) | 26 pack", "price": "$16.00", "price_calculation": "$0.62 per 1ea", "category": "Baby"},
{"title": "Nestle NAN Comfort 3 Toddler Milk Drink Powder From 1 Year  | 800g", "price": "$20.00", "price_calculation": "$2.50 per 100g", "category": "Baby"},
{"title": "Aptamil Gold+ 4 Junior Nutritional Supplement From 2 Years | 900g", "price": "$27.00", "price_calculation": "$3.00 per 100g", "category": "Baby"},
{"title": "Rafferty's Garden Salmon & Pumpkin Risotto Baby Food Pouch 6+ Months | 120g", "price": "$2.00", "price_calculation": "$1.67 per 100g", "category": "Baby"},
{"title": "Rafferty's Garden Strawberry & Chia Yoghurt Brekkie No Added Sugar Baby Food Pouch 8+ Months | 120g", "price": "$2.00", "price_calculation": "$1.67 per 100g", "category": "Baby"},
{"title": "Rafferty's Garden Apple Pear & Cinnamon and Nothing Else Baby Food Puree Pouch 4+ Months | 120g", "price": "$2.00", "price_calculation": "$1.67 per 100g", "category": "Baby"},
{"title": "Only Organic Vegetable & Chicken Risotto | 220g", "price": "$3.00", "price_calculation": "$1.36 per 100g", "category": "Baby"},
{"title": "CUB Nappy Pants Walker Size 5 Jumbo | 46 pack", "price": "$16.00", "price_calculation": "$34.78 per 100ea", "category": "Baby"},
{"title": "CUB Junior Jumbo Nappy Pants Size 6  | 42 pack", "price": "$16.00", "price_calculation": "$38.10 per 100ea", "category": "Baby"},
{"title": "Little Bellies Organic Sweet Corn Round-A-Bouts | 12g", "price": "$2.00", "price_calculation": "$1.67 per 10g", "category": "Baby"},
{"title": "Little Bellies Apple & Cinnamon Baby Puffs | 12g", "price": "$2.00", "price_calculation": "$16.67 per 100g", "category": "Baby"},
{"title": "Rafferty's Garden Blueberry- Banana & Pear Yoghurt Brekkie 6+ Months | 120g", "price": "$2.00", "price_calculation": "$1.67 per 100g", "category": "Baby"},
{"title": "Only Organic Pear Gold Kiwifruit & Oats Baby Food Pouch 8+ Months | 120g", "price": "$2.15", "price_calculation": "$1.79 per 100g", "category": "Baby"},
{"title": "Only Organic  Strawberry Yoghurt Rice Cakes | 30g", "price": "$4.00", "price_calculation": "$13.33 per 100g", "category": "Baby"},
{"title": "Curash Water Wipes | 80 pack", "price": "$6.00", "price_calculation": "$7.50 per 100ea", "category": "Baby"},
{"title": "Little Bellies Softcorn Banana | 8g", "price": "$2.00", "price_calculation": "$25.00 per 100g", "category": "Baby"},
{"title": "Rafferty's Garden Pureed Blueberries Banana & Apple 4+ Months | 120g", "price": "$2.00", "price_calculation": "$1.67 per 100g", "category": "Baby"},
{"title": "Huggies Thick Baby Wipes Coconut Oil | 1 pack", "price": "$5.00", "price_calculation": "$6.25 per 100ea", "category": "Baby"},
{"title": "Cub Unisex Crawler Nappies Size 3 | 56 pack", "price": "$11.50", "price_calculation": "$20.54 per 100ea", "category": "Baby"},
{"title": "Rafferty's Garden Chickpea Corn & Carrot 8+ Months  | 120g", "price": "$2.00", "price_calculation": "$1.67 per 100g", "category": "Baby"},
{"title": "Rafferty's Garden Banana & Mango Custard Baby Food Pouch Sweet Dessert 6+ Months | 120g", "price": "$2.00", "price_calculation": "$1.67 per 100g", "category": "Baby"},
{"title": "Rafferty's Garden Sweet Potato Carrot & Apple and Nothing Else Baby Food Puree Pouch 4+ Months | 120g", "price": "$2.00", "price_calculation": "$1.67 per 100g", "category": "Baby"},
{"title": "Little Bellies Animal Biscuits | 130g", "price": "$4.75", "price_calculation": "$3.65 per 100g", "category": "Baby"},
{"title": "CUB Unisex Newborn Nappies Size 1 | 30 pack", "price": "$5.25", "price_calculation": "$0.18 per 1ea", "category": "Baby"},
{"title": "Johnson's Baby Classic Scented Baby Powder | 400g", "price": "$5.50", "price_calculation": "$1.38 per 100g", "category": "Baby"},
{"title": "Rafferty's Garden Strawberry Yoghurt Buttons Baby Food Snacks 12+ Months | 28g", "price": "$6.00", "price_calculation": "$21.43 per 100g", "category": "Baby"},
{"title": "Huggies Drynites Night Pants Girls Size 4-7 Years | 9 pack", "price": "$10.00", "price_calculation": "$1.11 per 1ea", "category": "Baby"},
{"title": "CUB Nappies Unisex Walker Size 5 | 44 pack", "price": "$11.50", "price_calculation": "$26.14 per 100ea", "category": "Baby"},
{"title": "Sudocrem Healing Cream | 125g", "price": "$12.50", "price_calculation": "$10.00 per 100g", "category": "Baby"},
{"title": "Huggies Thick Baby Wipes Coconut Oil 3x80 | 3 pack", "price": "$14.00", "price_calculation": "$5.83 per 100ea", "category": "Baby"},
{"title": "Huggies Ultra Dry Nappies Boys Size 4 (10-15kg) | 36 pack", "price": "$23.00", "price_calculation": "$0.64 per 1ea", "category": "Baby"},
{"title": "Rafferty's Garden Mango Apple & Sweet Potato Baby Food Puree Pouch 4+ Months | 120g", "price": "$2.00", "price_calculation": "$1.67 per 100g", "category": "Baby"},
{"title": "Rafferty's Garden Blueberry & Banana No Added Sugar Custard 6+ Months | 120g", "price": "$2.00", "price_calculation": "$1.67 per 100g", "category": "Baby"},
{"title": "Rafferty's Garden Chocolate Custard Baby Food Pouch Dessert Sweet Snack 6+ Months | 120g", "price": "$2.00", "price_calculation": "$1.67 per 100g", "category": "Baby"},
{"title": "Rafferty's Garden Pear & Apricot Puree and Nothing Else Baby Food Pouch 4+ Months | 120g", "price": "$2.00", "price_calculation": "$1.67 per 100g", "category": "Baby"},
{"title": "Rafferty's Garden Vanilla Custard Baby Food Pouch Sweet Dessert 6+ Months | 120g", "price": "$2.00", "price_calculation": "$1.67 per 100g", "category": "Baby"},
{"title": "Rafferty's Garden Banana Mini Yoghurt Drops Baby Food Snack 8+ Months | 8g", "price": "$2.50", "price_calculation": "$31.25 per 100g", "category": "Baby"},
{"title": "Huggies Thick Baby Wipes 99% Purified Water 72 Pack | 1 pack", "price": "$5.00", "price_calculation": "$0.07 per 1ea", "category": "Baby"},
{"title": "Milton Baby Bottle Cleaner | 500mL", "price": "$6.60", "price_calculation": "$1.32 per 100mL", "category": "Baby"},
{"title": "Huggies Drynites Night Pants Boy Size 8-15 Years | 8 pack", "price": "$10.00", "price_calculation": "$1.25 per 1ea", "category": "Baby"},
{"title": "Huggies Infant Nappies Size 2 (4-8kg) | 1 pack", "price": "$23.00", "price_calculation": "$0.48 per 1ea", "category": "Baby"},
{"title": "Huggies Ultra Dry Nappies Girls Size 5 (13-18kg) | 32 pack", "price": "$23.00", "price_calculation": "$0.72 per 1ea", "category": "Baby"},
{"title": "Huggies Ultra Dry Nappy Pants Girls Size 5 (12-17kg) | 54 pack", "price": "$30.00", "price_calculation": "$55.56 per 100ea", "category": "Baby"},
{"title": "Kiddylicious Raspberry Crispie Tiddlers 12+ Months | 12g", "price": "$1.70", "price_calculation": "$14.17 per 100g", "category": "Baby"},
{"title": "Kiddylicious Strawberry Fruit Wriggles 12+ Months | 12g", "price": "$1.70", "price_calculation": "$14.17 per 100g", "category": "Baby"},
{"title": "Rafferty's Garden Chicken Vegetables & Rice Baby Food Protein Pouch 6+ Months | 120g", "price": "$2.00", "price_calculation": "$1.67 per 100g", "category": "Baby"},
{"title": "Rafferty's Garden Blueberry Sticks 8M+ | 15g", "price": "$2.00", "price_calculation": "$13.33 per 100g", "category": "Baby"},
{"title": "Rafferty's Garden Pumpkin & Spinach Pasta Bake Baby Food Prebiotics Pouch 6+ Months | 120g", "price": "$2.00", "price_calculation": "$1.67 per 100g", "category": "Baby"},
{"title": "Rafferty's Garden Spinach Apple Broccoli & Pea and Nothing Else Baby Food Puree Pouch 4+ Months | 120g", "price": "$2.00", "price_calculation": "$1.67 per 100g", "category": "Baby"},
{"title": "Rafferty's Garden Pumpkin Apple & Sweetcorn and Nothing Else Baby Food Puree Pouch 4+ Months | 120g", "price": "$2.00", "price_calculation": "$1.67 per 100g", "category": "Baby"},
{"title": "CUB Apple & Raisin Fruit & Oat Bar 6x15g | 90g", "price": "$2.75", "price_calculation": "$3.06 per 100g", "category": "Baby"},
{"title": "Little Bellies Organic Banana Date & Oat Bars | 85g", "price": "$3.50", "price_calculation": "$4.12 per 100g", "category": "Baby"},
{"title": "Little Bellies Organic Apricot Date & Oat Bars | 85g", "price": "$3.50", "price_calculation": "$4.12 per 100g", "category": "Baby"},
{"title": "Rafferty's Garden Banana Milk Teething Rusks Baby Food 6+ Months | 100g", "price": "$3.50", "price_calculation": "$3.50 per 100g", "category": "Baby"},
{"title": "Bellamy's Organic Milk & Vanilla Baby Rice | 125g", "price": "$4.00", "price_calculation": "$3.20 per 100g", "category": "Baby"},
{"title": "Bellamy's Organic Apple & Cinnamon Baby Porridge Cereal Pouch 6+ Months | 125g", "price": "$4.00", "price_calculation": "$3.20 per 100g", "category": "Baby"},
{"title": "Mighty Bellies Puffcorn Cheese Flavoured | 30g", "price": "$4.75", "price_calculation": "$15.83 per 100g", "category": "Baby"},
{"title": "Only Organic Apple Coconut And Flaxseed Biscuit With Prebiotics 10+ Months | 100g", "price": "$5.50", "price_calculation": "$5.50 per 100g", "category": "Baby"},
{"title": "Johnson's Baby Bedtime Jasmine & Lily Scented Baby Bath | 500mL", "price": "$6.60", "price_calculation": "$1.32 per 100mL", "category": "Baby"},
{"title": "Cetaphil Baby Moisturising Bath & Wash | 400mL", "price": "$11.06", "price_calculation": "$2.77 per 100mL", "category": "Baby"},
{"title": "CUB Plastic Lined Terry Bibs | 5 pack", "price": "$12.50", "price_calculation": "$2.50 per 1ea", "category": "Baby"},
{"title": "Infacol Wind Drops | 50mL", "price": "$15.49", "price_calculation": "$30.98 per 100mL", "category": "Baby"},
{"title": "Rascal + Friends Nappies Size 4 Toddler | 36 pack", "price": "$16.00", "price_calculation": "$0.44 per 1ea", "category": "Baby"},
{"title": "Babylove Cosifit Nappies Size 5 (12-17Kg) | 28 pack", "price": "$16.00", "price_calculation": "$0.57 per 1ea", "category": "Baby"},
{"title": "Tooshies Eco Wipes Aloe Vera & Chamomile | 280 pack", "price": "$16.65", "price_calculation": "$5.95 per 100ea", "category": "Baby"},
{"title": "Huggies Ultra Dry Nappy Pants Boys Size 5 (12-17kg) | 26 pack", "price": "$22.00", "price_calculation": "$0.85 per 1ea", "category": "Baby"},
{"title": "Alula S-26 Gold Stage 3 Milk Drink 1year+ | 900g", "price": "$25.50", "price_calculation": "$2.83 per 100g", "category": "Baby"},
{"title": "Rascal + Friends Nappy Pants Size 5 Walker | 50 pack", "price": "$30.00", "price_calculation": "$60.00 per 100ea", "category": "Baby"},
{"title": "Babylove Nappy Pants Size 5 (12-17Kg) | 50 pack", "price": "$31.00", "price_calculation": "$62.00 per 100ea", "category": "Baby"},
{"title": "Babylove Nappy Pants Size 4 (9-14Kg) | 56 pack", "price": "$31.00", "price_calculation": "$55.36 per 100ea", "category": "Baby"},
{"title": "Aptamil Prosyneo Sensitive Baby Infant Formula Formulated For Tolerance From Birth to 12 Months | 900g", "price": "$32.00", "price_calculation": "$3.56 per 100g", "category": "Baby"},
{"title": "Bellamy's Organic Step 1 Infant Formula | 900g", "price": "$34.40", "price_calculation": "$3.82 per 100g", "category": "Baby"},
{"title": "Huggies Ultra Dry Nappies Girls Size 3 (6-11kg) | 90 pack", "price": "$40.00", "price_calculation": "$44.44 per 100ea", "category": "Baby"},
{"title": "Mum-Mum Pea Snacks Cheese 12M+ | 12g", "price": "$1.50", "price_calculation": "$12.50 per 100g", "category": "Baby"},
{"title": "Kiddylicious Banana Fruity Puffs 7+ Months | 10g", "price": "$1.70", "price_calculation": "$17.00 per 100g", "category": "Baby"},
{"title": "Bellamy's Organic  Vanilla & Pear Custard With Chia Seeds 8 + Months | 120g", "price": "$2.00", "price_calculation": "$1.67 per 100g", "category": "Baby"},
{"title": "Rafferty's Garden Fig & Apricot Baked Oat Bites 12M+ Months | 30g", "price": "$2.00", "price_calculation": "$6.67 per 100g", "category": "Baby"},
{"title": "Only Organic Coconut Banana & Acai Smoothie | 100g", "price": "$2.50", "price_calculation": "$2.50 per 100g", "category": "Baby"},
{"title": "Only Organic Banana Mixed Berry Coconut Chia | 100g", "price": "$2.50", "price_calculation": "$2.50 per 100g", "category": "Baby"},
{"title": "Kiddylicious Wafers Raspberry 4x4g | 16g", "price": "$2.50", "price_calculation": "$15.63 per 100g", "category": "Baby"},
{"title": "Whole Kids Organic Meltaway Sticks 100% Corn 6M+ | 10g", "price": "$2.50", "price_calculation": "$25.00 per 100g", "category": "Baby"},
{"title": "Only Organic Mango Banana Passion Coconut Flexseed With Prebiotics 1-5 Years | 100g", "price": "$2.50", "price_calculation": "$2.50 per 100g", "category": "Baby"},
{"title": "Only Organic Pumpkin Potato & Beef Baby Food 8+ Months | 170g", "price": "$2.90", "price_calculation": "$1.71 per 100g", "category": "Baby"},
{"title": "Only Organic Free Range Chicken Mango & Coconut Rice 10+ Months | 170g", "price": "$2.90", "price_calculation": "$1.71 per 100g", "category": "Baby"},
{"title": "Baby Bellies Organic Banana Softcorn | 30g", "price": "$4.75", "price_calculation": "$15.83 per 100g", "category": "Baby"},
{"title": "Little Bellies Organic Cocoa & Vanilla 123's Biscuits | 130g", "price": "$4.75", "price_calculation": "$3.65 per 100g", "category": "Baby"},
{"title": "CUB Baby Wash Head To Toe | 500mL", "price": "$5.00", "price_calculation": "$1.00 per 100mL", "category": "Baby"},
{"title": "Jordan Baby Toothbrush 0-2 years | 1 each", "price": "$5.50", "price_calculation": "$5.50 per 1ea", "category": "Baby"},
{"title": "Mighty Bellies Brown Rice Crispy Bars Vanilla | 6 pack", "price": "$6.25", "price_calculation": "$1.04 per 1ea", "category": "Baby"},
{"title": "Johnson's Baby Oil | 200mL", "price": "$6.50", "price_calculation": "$3.25 per 100mL", "category": "Baby"},
{"title": "Tommee Tippee Narrow Neck Baby Bottle 250ml 3 Pack 0m+ | 3 pack", "price": "$12.00", "price_calculation": "$4.00 per 1ea", "category": "Baby"},
{"title": "Tommee Tippee Sportee Toddler Bottle 390ml 12m+ | 1 pack", "price": "$12.00", "price_calculation": "$12.00 per 1ea", "category": "Baby"},
{"title": "Tommee Tippee Weighted Straw Toddler Cup 300ml | 1 pack", "price": "$12.00", "price_calculation": "$12.00 per 1ea", "category": "Baby"},
{"title": "Munchkin Love-A-Bowls | 10 Pack", "price": "$12.20", "price_calculation": "$1.22 per 1ea", "category": "Baby"},
{"title": "Tommee Tippee Easiflow Trainer Cup 200ml 6m+ | 1 pack", "price": "$12.30", "price_calculation": "$12.30 per 1ea", "category": "Baby"},
{"title": "Tommee Tippee Transition Baby to Toddler Cup 4m+ | 1 pack", "price": "$12.30", "price_calculation": "$12.30 per 1ea", "category": "Baby"},
{"title": "Gro To Bad Dream Buster Calming Room Spray | 70mL", "price": "$12.50", "price_calculation": "$17.86 per 100mL", "category": "Baby"},
{"title": "Disney Travel Bib Mickey Mouse | 1 each", "price": "$13.00", "price_calculation": "$13.00 per 1ea", "category": "Baby"},
{"title": "Dermal Therapy Little Bodies Eczema Body Wash & Shampoo | 210mL", "price": "$13.00", "price_calculation": "$6.19 per 100mL", "category": "Baby"},
{"title": "Tommee Tippee Antic Colic Medium Flow Teat 2 Pack 3m+ | 2 pack", "price": "$13.00", "price_calculation": "$6.50 per 1ea", "category": "Baby"},
{"title": "B.box Spout Cup Assorted | 1 each", "price": "$13.50", "price_calculation": "$13.50 per 1ea", "category": "Baby"},
{"title": "B.box Cleaning Brush Set | 1 pack", "price": "$13.50", "price_calculation": "$13.50 per 1ea", "category": "Baby"},
{"title": "Cub Singlet Bodysuit Yellow & Grey | 2 pack", "price": "$14.00", "price_calculation": "$7.00 per 1ea", "category": "Baby"},
{"title": "CUB Singlet Bodysuit Beige & Green | 1 pack", "price": "$14.00", "price_calculation": "$14.00 per 1ea", "category": "Baby"},
{"title": "Kiddylicious Veggies Straws | 10 pack", "price": null, "price_calculation": null, "category": "Baby"},
{"title": "B.box Silicon Mesh Feeder Assorted | 1 each", "price": "$14.00", "price_calculation": "$14.00 per 1ea", "category": "Baby"},
{"title": "Infacare Comfort Stage 1 Formula | 850g", "price": "$14.50", "price_calculation": "$1.71 per 100g", "category": "Baby"},
{"title": "Infacare Comfort Stage 2 Formula | 850g", "price": "$14.50", "price_calculation": "$1.71 per 100g", "category": "Baby"},
{"title": "Coles Gold Toddler Milk Drink Stage 3 | 900g", "price": "$15.00", "price_calculation": "$1.67 per 100g", "category": "Baby"},
{"title": "Ecostore Baby Shampoo | 500mL", "price": "$15.00", "price_calculation": "$3.00 per 100mL", "category": "Baby"},
{"title": "Infants Friend Oral Liquid | 100mL", "price": "$15.00", "price_calculation": "$15.00 per 100mL", "category": "Baby"},
{"title": "Medela Soft Silicone Soothers Assorted Colours 0-6months | 2 pack", "price": "$15.20", "price_calculation": "$7.60 per 1ea", "category": "Baby"},
{"title": "Medela Soft Silicone Soothers Assorted Colours 6-18months | 2 pack", "price": "$15.20", "price_calculation": "$7.60 per 1ea", "category": "Baby"},
{"title": "Little By The Base Collective Sleep Spray | 125mL", "price": "$15.30", "price_calculation": "$12.24 per 100mL", "category": "Baby"},
{"title": "Rascal + Friends Nappies Size 1 Newborn | 54 pack", "price": "$16.00", "price_calculation": "$29.63 per 100ea", "category": "Baby"},
{"title": "Babylove Cosifit Infnt Nappies Size 2 (3-8Kg) | 44 pack", "price": "$16.00", "price_calculation": "$36.36 per 100ea", "category": "Baby"},
{"title": "CUB Zip Coverall Yellow | 2 pack", "price": "$16.00", "price_calculation": "$8.00 per 1ea", "category": "Baby"},
{"title": "Tommee Tippee Roll n Go Baby Bib 2 Pack 6m+ | 2 pack", "price": "$17.00", "price_calculation": "$8.50 per 1ea", "category": "Baby"},
{"title": "Tommee Tippee Nappy Bin Twist & Click Refill 1 Pack | 1 pack", "price": "$17.00", "price_calculation": "$17.00 per 1ea", "category": "Baby"},
{"title": "Gro To Super Softy Nourishing Body Lotion | 150mL", "price": "$17.00", "price_calculation": "$11.33 per 100mL", "category": "Baby"},
{"title": "Bambino Mio Reusable Swim Nappy 2+ Years | 1 each", "price": "$17.60", "price_calculation": "$17.60 per 1ea", "category": "Baby"},
{"title": "Tommee Tippee Anti-Colic Bottle 260ml 2 Pack Newborn+ | 2 pack", "price": "$18.20", "price_calculation": "$9.10 per 1ea", "category": "Baby"},
{"title": "Tommee Tippee Baby Bottle 340ml 2 Pack 3m+ | 2 pack", "price": "$18.55", "price_calculation": "$9.28 per 1ea", "category": "Baby"},
{"title": "Babylove Nappy Pants Size 5 (12-17Kg) | 25 pack", "price": "$20.00", "price_calculation": "$0.80 per 1ea", "category": "Baby"},
{"title": "Alula S-26 Original Stage 1 Formula 0-6 Months | 900g", "price": "$20.00", "price_calculation": "$2.22 per 100g", "category": "Baby"},
{"title": "Malarkey Munch Mitt Teething Mitten | 1 pack", "price": "$20.00", "price_calculation": "$20.00 per 1ea", "category": "Baby"},
{"title": "Multi-Mam Compresses | 12 pack", "price": "$20.00", "price_calculation": "$1.67 per 1ea", "category": "Baby"},
{"title": "Huggies Ultra Dry Nappy Pants Boys Size 4 (9-14kg) | 29 pack", "price": "$22.00", "price_calculation": "$0.76 per 1ea", "category": "Baby"},
{"title": "Tooshies Eco Nappies Reuseable Cloth Nappy | 1 pack", "price": "$22.00", "price_calculation": "$22.00 per 1ea", "category": "Baby"},
{"title": "Medela Breast Milk Storage Bags | 25 pack", "price": "$22.50", "price_calculation": "$0.90 per 1ea", "category": "Baby"},
{"title": "B.box Mini Insulated Food Jar | 1 each", "price": "$23.00", "price_calculation": "$23.00 per 1ea", "category": "Baby"},
{"title": "B.box Trio Teether Assorted | 1 each", "price": "$24.00", "price_calculation": "$24.00 per 1ea", "category": "Baby"},
{"title": "Aveeno Baby Dermexa Fragrance Free Moisturising Cream | 206g", "price": "$24.50", "price_calculation": "$11.89 per 100g", "category": "Baby"},
{"title": "Tommee Tippee  Carton Weaning Starter Kit | 1 each", "price": "$25.00", "price_calculation": "$25.00 per 1ea", "category": "Baby"},
{"title": "Tooshies Eco Nappies Size 3 Crawler | 44 Pack", "price": "$26.00", "price_calculation": "$59.09 per 100ea", "category": "Baby"},
{"title": "Gro To Skin Wizard Nourishing Baby Oil | 150mL", "price": "$26.00", "price_calculation": "$17.33 per 100mL", "category": "Baby"},
{"title": "Huggies Thick Baby Wipes Fragrance Free | 640 pack", "price": null, "price_calculation": null, "category": "Baby"},
{"title": "Nestle NAN A.R. Baby Infant Formula For Regurgitation From Birth To 12 Months  | 800g", "price": "$26.50", "price_calculation": "$3.31 per 100g", "category": "Baby"},
{"title": "B.box 360 Cup | 1 each", "price": "$13.00", "price_calculation": "$13.00 per 1ea", "category": "Baby"},
{"title": "CUB Popover Bibs | 3 pack", "price": "$14.00", "price_calculation": "$4.67 per 1ea", "category": "Baby"},
{"title": "Ecostore Baby Bubble Bath | 500mL", "price": "$15.00", "price_calculation": "$3.00 per 100mL", "category": "Baby"},
{"title": "Karicare+ 3 Toddler Milk Drink From 12+ Months | 900g", "price": "$16.00", "price_calculation": "$1.78 per 100g", "category": "Baby"},
{"title": "Rascal + Friends Nappies Size 2 Infant | 48 pack", "price": "$16.00", "price_calculation": "$33.33 per 100ea", "category": "Baby"},
{"title": "Babylove Cosifit Newborn Nappies Size 1 (Up To 5Kg) | 48 pack", "price": "$16.00", "price_calculation": "$33.33 per 100ea", "category": "Baby"},
{"title": "Gaia Natural Baby Sleeptime Bath | 500mL", "price": "$17.00", "price_calculation": "$3.40 per 100mL", "category": "Baby"},
{"title": "Gaia Natural Baby Moisturiser | 500mL", "price": "$17.00", "price_calculation": "$3.40 per 100mL", "category": "Baby"},
{"title": "Huggies Thick Baby Wipes Coconut Oil | 1 pack", "price": "$18.00", "price_calculation": "$18.00 per 1ea", "category": "Baby"},
{"title": "B.box Disney Sippy Cup Assorted | 1 each", "price": "$18.00", "price_calculation": "$18.00 per 1ea", "category": "Baby"},
{"title": "Huggies Ultra Dry Nappy Pants Girls Size 4 (9-14kg) | 29 pack", "price": "$22.00", "price_calculation": "$0.76 per 1ea", "category": "Baby"},
{"title": "Nestle NAN Optipro 3 Premium Toddler Milk Drink Powder From 1 Year  | 800g", "price": "$23.00", "price_calculation": "$2.88 per 100g", "category": "Baby"},
{"title": "B.box Mini Lunchbox Assorted | 1 pack", "price": "$26.00", "price_calculation": "$26.00 per 1ea", "category": "Baby"},
{"title": "Nestle NAN SUPREMEpro 4 Premium Toddler Milk Drink Powder From 2 Years | 800g", "price": "$28.00", "price_calculation": "$3.50 per 100g", "category": "Baby"},
{"title": "Beyond By Babylove Nappies Size 3 (6-11Kg) | 46 pack", "price": "$28.00", "price_calculation": "$60.87 per 100ea", "category": "Baby"},
{"title": "Beyond By Babylove Nappies Size 4 (9-14Kg) | 38 pack", "price": "$28.00", "price_calculation": "$0.74 per 1ea", "category": "Baby"},
{"title": "Rascal + Friends Nappies Size 2 Infant | 96 pack", "price": "$30.00", "price_calculation": "$31.25 per 100ea", "category": "Baby"},
{"title": "Babylove Cosifit Infant Nappies Size 2 (3-8Kg) | 76 pack", "price": "$30.00", "price_calculation": "$39.47 per 100ea", "category": "Baby"},
{"title": "Bubs Organic Grass Fed Formula Stage 3 Toddler | 800g", "price": "$32.00", "price_calculation": "$4.00 per 100g", "category": "Baby"},
{"title": "Bellamy's Organic Infant Formula Step 3 Toddler | 900g", "price": "$32.30", "price_calculation": "$3.59 per 100g", "category": "Baby"},
{"title": "B.box Lunch Box | 1 each", "price": "$33.00", "price_calculation": "$33.00 per 1ea", "category": "Baby"},
{"title": "B.box Insulated Drink Bottle 350mL Assorted | 1 each", "price": "$33.00", "price_calculation": "$33.00 per 1ea", "category": "Baby"},
{"title": "Bellamy's Organic Step 2 Follow On Infant Formula | 900g", "price": "$34.40", "price_calculation": "$3.82 per 100g", "category": "Baby"},
{"title": "Nestle Nan Supremepro 1 Premium Starter Baby Infant Formula Powder From Birth | 800g", "price": "$36.00", "price_calculation": "$4.50 per 100g", "category": "Baby"},
{"title": "A2 Junior Stage 4 Platinum Premium Formula | 900g", "price": "$38.00", "price_calculation": "$4.22 per 100g", "category": "Baby"},
{"title": "Bubs Goat Milk Infant Formula Stage 1 | 800g", "price": "$39.00", "price_calculation": "$4.88 per 100g", "category": "Baby"},
{"title": "Huggies Ultra Dry Nappies Boys Size 6 (16+kg) | 60 pack", "price": "$40.00", "price_calculation": "$66.67 per 100ea", "category": "Baby"},
{"title": "Bubs Supreme A2 Stage 1 Infant Formula | 800g", "price": "$40.00", "price_calculation": "$5.00 per 100g", "category": "Baby"},
{"title": "Huggies Ultra Dry Nappies Girls Size 4 (10-15kg) | 72 pack", "price": "$40.00", "price_calculation": "$55.56 per 100ea", "category": "Baby"},
{"title": "Oli6 Stage 1 Goat Milk Infant Formula 0-6 Months | 800g", "price": "$40.50", "price_calculation": "$5.06 per 100g", "category": "Baby"},
{"title": "Huggies Ultimate Nappies Size 4 (10-15kg) | 58 pack", "price": "$41.00", "price_calculation": "$70.69 per 100ea", "category": "Baby"},
{"title": "WaterWipes Fragrance Free Sensitive Skin 540 Baby Wipes | 540 pack", "price": "$56.00", "price_calculation": "$10.37 per 100ea", "category": "Baby"},
{"title": "Only Organic Free Range Chicken Bolognese 10+ Months | 170g", "price": "$2.90", "price_calculation": "$1.71 per 100g", "category": "Baby"},
{"title": "Keep It Cleaner Toddler Tri-Veg Pasta Dinosaurs | 250g", "price": "$3.60", "price_calculation": "$1.44 per 100g", "category": "Baby"},
{"title": "Wholekids Mango Banana & Coconut Milk Smoothie Drops | 20g", "price": "$4.80", "price_calculation": "$24.00 per 100g", "category": "Baby"},
{"title": "New Beginnings Ultrathin Nursing Pads | 40 pack", "price": "$5.60", "price_calculation": "$0.14 per 1ea", "category": "Baby"},
{"title": "Corams Baby Gripe Water | 200mL", "price": "$7.70", "price_calculation": "$3.85 per 100mL", "category": "Baby"},
{"title": "Avent Feeding Bottle 260ml | 1 each", "price": "$7.77", "price_calculation": "$7.77 per 1ea", "category": "Baby"},
{"title": "Tommee Tippee Baby Fresh Food Feeder 4m+ | 1 pack", "price": "$8.00", "price_calculation": "$8.00 per 1ea", "category": "Baby"},
{"title": "CUB Feeding Bottles With Medium Flow Silicone Teats 0+ Months | 3 pack", "price": "$8.00", "price_calculation": "$2.67 per 1ea", "category": "Baby"},
{"title": "Amolin Nappy Rash Baby Cream | 100g", "price": "$8.00", "price_calculation": "$8.00 per 100g", "category": "Baby"},
{"title": "Tommee Tippee Night Time Baby Dummy 2 Pack 0-6m | 2 pack", "price": "$8.40", "price_calculation": "$4.20 per 1ea", "category": "Baby"},
{"title": "Tommee Tippee Night Time Baby Dummy 2 Pack 6-18m | 2 pack", "price": "$8.40", "price_calculation": "$4.20 per 1ea", "category": "Baby"},
{"title": "Avent Air Nighttime Mix 0-6 Months Soother | 2 pack", "price": "$8.97", "price_calculation": "$4.49 per 1ea", "category": "Baby"},
{"title": "Green's Pancake Shake Mix Buttermilk | 325g", "price": "$2.10", "price_calculation": "$0.65 per 100g", "category": "Winter Essentials"},
{"title": "Baileys Irish Cream 1L | 1 Each", "price": "$49.00", "price_calculation": "$49.00 per 1L", "category": "Winter Essentials"},
{"title": "Tip Top Spicy Fruit English Muffins | 6 pack", "price": "$3.00", "price_calculation": "$0.50 per 1ea", "category": "Winter Essentials"},
{"title": "Coles Rolled Oats Value Pack | 1.8 kg", "price": "$3.10", "price_calculation": "$0.17 per 100g", "category": "Winter Essentials"},
{"title": "Coles Cleaning Wipes | 120 pack", "price": "$3.50", "price_calculation": "$2.92 per 100ea", "category": "Winter Essentials"},
{"title": "Dari's Hearty Chicken Soup | 550g", "price": "$5.50", "price_calculation": "$1.00 per 100g", "category": "Winter Essentials"},
{"title": "Coles Cafe Style Raisin Toast | 650g", "price": "$3.70", "price_calculation": "$0.57 per 100g", "category": "Winter Essentials"},
{"title": "Coles Lamb Boneless Shoulder Roast | approx 1.3kg", "price": "$28.60", "price_calculation": "$22.00 per 1kg", "category": "Winter Essentials"},
{"title": "Continental Chicken Noodle Soup Serves 4 | 45g", "price": "$1.20", "price_calculation": "$2.67 per 100g", "category": "Winter Essentials"},
{"title": "Vegemite Spread | 560g", "price": "$9.00", "price_calculation": "$1.61 per 100g", "category": "Winter Essentials"},
{"title": "Panadol Mini Caps for Pain Relief Paracetamol 500mg | 20 pack", "price": "$5.15", "price_calculation": "$0.26 per 1ea", "category": "Winter Essentials"},
{"title": "Golden Pancakes 6 Pack | 360g", "price": "$5.50", "price_calculation": "$1.53 per 100g", "category": "Winter Essentials"},
{"title": "Bega Peanut Butter Crunchy | 780g", "price": "$7.50", "price_calculation": "$0.96 per 100g", "category": "Winter Essentials"},
{"title": "Bundaberg UP Rum 700mL | 1 Each", "price": "$45.00", "price_calculation": "$64.29 per 1L", "category": "Winter Essentials"},
{"title": "BLCK Vodka 700mL | 1 Each", "price": "$40.00", "price_calculation": "$57.14 per 1L", "category": "Winter Essentials"},
{"title": "James Squire Ginger Beer Can 330mL | 6 pack", "price": "$21.00", "price_calculation": null, "category": "Winter Essentials"},
{"title": "Coles Antibacterial Hand Wash Lime Fresh | 1L", "price": "$3.00", "price_calculation": "$0.30 per 100mL", "category": "Winter Essentials"},
{"title": "Kleenex Everday Silk Touch Facial Tissues | 250 pack", "price": "$4.00", "price_calculation": "$1.60 per 100ea", "category": "Winter Essentials"},
{"title": "-196 Double Lemon & Vodka Can 330ml | 10 Pack", "price": "$49.00", "price_calculation": "$14.85 per 1L", "category": "Winter Essentials"},
{"title": "Nescafe Blend 43 Instant Coffee | 500g", "price": "$26.00", "price_calculation": "$5.20 per 100g", "category": "Winter Essentials"},
{"title": "Green's Pancake Shake Mix Original | 375g", "price": "$2.10", "price_calculation": "$0.56 per 100g", "category": "Winter Essentials"},
{"title": "Continental Cup A Soup Italian Minestrone Serves 2 | 75g", "price": "$2.80", "price_calculation": "$3.73 per 100g", "category": "Winter Essentials"},
{"title": "Dilmah Pure Ceylon Extra Strength Tea Bags 100 pack | 240g", "price": "$5.25", "price_calculation": "$0.05 per 1ea", "category": "Winter Essentials"},
{"title": "Coles Boneless Pork Shoulder Roast | approx 2.6kg", "price": "$23.40", "price_calculation": "$9.00 per 1kg", "category": "Winter Essentials"},
{"title": "Bow Wow Beef & Kangaroo Roll Dog Treats | 1 pack", "price": "$2.30", "price_calculation": "$2.30 per 1ea", "category": "Pet"},
{"title": "Dari's Chicken And Corn Soup | 550g", "price": "$5.50", "price_calculation": "$1.00 per 100g", "category": "Winter Essentials"},
{"title": "Fussy Cat Grain Free Adult Chilled Fresh Cat Food Fine Mince with Chicken | 70g", "price": "$2.50", "price_calculation": "$3.57 per 100g", "category": "Pet"},
{"title": "Vegemite Spread | 380g", "price": "$7.00", "price_calculation": "$1.84 per 100g", "category": "Winter Essentials"},
{"title": "Woofin Good Chunks In Gravy Beef Rice & Veg Dog Food | 720g", "price": "$3.00", "price_calculation": "$0.42 per 100g", "category": "Pet"},
{"title": "Kleenex Eucalyptus 3 Ply Facial Tissues | 95 pack", "price": "$2.60", "price_calculation": "$2.74 per 100ea", "category": "Winter Essentials"},
{"title": "Bow Wow Gluten Free Chicken Sweet Potato Carrot and Pumpkin Super Snacks | 5 pack", "price": "$3.50", "price_calculation": "$0.70 per 1ea", "category": "Pet"},
{"title": "Bega Peanut Butter Smooth | 375g", "price": "$4.30", "price_calculation": "$1.15 per 100g", "category": "Winter Essentials"},
{"title": "Schmackos Tasty Bites Dog Treats Chewy Cubes With Chicken | 130g", "price": "$3.60", "price_calculation": "$2.77 per 100g", "category": "Pet"},
{"title": "Twinings Pure Peppermint Infusions Tea Bags | 160g", "price": "$13.50", "price_calculation": "$0.17 per 1ea", "category": "Winter Essentials"},
{"title": "Nature's Gift Adult Chilled Fresh Dog Food Deli Roll Kangaroo Sweet Potato & Peas | 1.4kg", "price": "$4.60", "price_calculation": "$0.33 per 100g", "category": "Pet"},
{"title": "Coles BAGEL SESAME 4 PACK | 360g", "price": "$2.50", "price_calculation": "$0.69 per 100g", "category": "Winter Essentials"},
{"title": "Bow Wow Pork Bones Twin Pack Dog Treats | 2 pack", "price": "$4.80", "price_calculation": "$2.40 per 1ea", "category": "Pet"},
{"title": "Lipton English Breakfast Black Tea Bags | 100 pack", "price": "$2.90", "price_calculation": "$0.03 per 1ea", "category": "Winter Essentials"},
{"title": "Dine Fresh And Fine Chunks In Gravy With Salmon And Tuna Cat Food Pouch 6x50g | 6 pack", "price": "$5.00", "price_calculation": "$1.67 per 100g", "category": "Pet"},
{"title": "Capilano Pure Honey Squeeze | 340g", "price": "$5.95", "price_calculation": "$1.75 per 100g", "category": "Winter Essentials"},
{"title": "V.I.P Paws Adult Chilled Fresh Dog Food Reg Diced Tender Chicken | 600g", "price": "$5.50", "price_calculation": "$0.92 per 100g", "category": "Pet"},
{"title": "Kleenex Everyday 2 Ply Facial Tissues Cube | 85 pack", "price": "$3.00", "price_calculation": "$3.53 per 100ea", "category": "Winter Essentials"},
{"title": "Fancy Feast Dry Cat Food Tuna Prawn Mackerel Crab | 450g", "price": "$5.50", "price_calculation": "$1.22 per 100g", "category": "Pet"},
{"title": "Kleenex Soft & Thick 2 Ply Facial Tissues | 120 pack", "price": "$3.80", "price_calculation": "$3.17 per 100ea", "category": "Winter Essentials"},
{"title": "Coles Cat Food Pouch Fish Variety 85g | 12 pack", "price": "$6.00", "price_calculation": "$0.59 per 100g", "category": "Pet"},
{"title": "Massel Gourmet Liquid Chicken Stock | 1L", "price": "$4.00", "price_calculation": "$0.40 per 100mL", "category": "Winter Essentials"},
{"title": "Friskies Delight Indoor Adult Dry Cat Food | 1kg", "price": "$8.00", "price_calculation": "$0.80 per 100g", "category": "Pet"},
{"title": "Kleenex Everyday On The Go Facial Tissues Soft Pack | 60 pack", "price": "$1.80", "price_calculation": "$3.00 per 100ea", "category": "Winter Essentials"},
{"title": "Catlux Light Clumping Cat Litter | 6L", "price": "$9.00", "price_calculation": "$1.50 per 1L", "category": "Pet"},
{"title": "Dilmah Pure Ceylon Premium Tea Bags 100 pack | 200g", "price": "$4.10", "price_calculation": "$0.04 per 1ea", "category": "Winter Essentials"},
{"title": "Optimum Dry Cat Food 2-12 Months Kitten With Chicken | 800g", "price": "$12.00", "price_calculation": "$1.50 per 100g", "category": "Pet"},
{"title": "Uncle Tobys Cheerios Honey Multigrain Cereal | 570g", "price": "$7.50", "price_calculation": "$1.32 per 100g", "category": "Winter Essentials"},
{"title": "Felix Sensations Jellies Fishy Selection Cat Food | 12 pack", "price": "$14.50", "price_calculation": "$1.42 per 100g", "category": "Pet"},
{"title": "Coles Boneless Pork Leg Roast | approx 2.1kg", "price": "$19.95", "price_calculation": "$9.50 per 1kg", "category": "Winter Essentials"},
{"title": "Pet Treat Bar Peanut Butter Dog Biscuits | approx 100g", "price": "$6.00", "price_calculation": "$60.00 per 1kg", "category": "Pet"},
{"title": "Kleenex Eucalyptus 3 Ply Facial Tissues | 140 pack", "price": "$4.50", "price_calculation": "$3.21 per 100ea", "category": "Winter Essentials"},
{"title": "Pet Treat Bar Yoghurt Buttons | approx 100g", "price": "$6.00", "price_calculation": "$60.00 per 1kg", "category": "Pet"},
{"title": "Twinings Pure Green Tea Bags 100 pack | 150g", "price": "$13.50", "price_calculation": "$0.14 per 1ea", "category": "Winter Essentials"},
{"title": "Fancy Feast Creamy Delights With Grilled Chicken Cat Food | 85g", "price": "$1.90", "price_calculation": "$2.24 per 100g", "category": "Pet"},
{"title": "Saltram 1859 Barossa Shiraz 750mL | 1 Each", "price": "$15.00", "price_calculation": "$20.00 per 1L", "category": "Winter Essentials"},
{"title": "Fancy Feast Creamy Delights With Pate Salmon Cat Food | 85g", "price": "$1.90", "price_calculation": "$2.24 per 100g", "category": "Pet"},
{"title": "Campbell's Real Stock Vegetable Stock Salt Reduced | 1L", "price": "$2.25", "price_calculation": "$0.23 per 100mL", "category": "Winter Essentials"},
{"title": "Purina One Succulent Chicken In Gravy Urinary Care Cat Food Pouch | 70g", "price": "$2.00", "price_calculation": "$2.86 per 100g", "category": "Pet"},
{"title": "Bega Dairylea Cheddar Cheese Block | 500g", "price": "$7.90", "price_calculation": "$15.80 per 1kg", "category": "Winter Essentials"},
{"title": "My Dog Classic Loaf With Succulent Kangaroo Can Wet Dog Food | 400g", "price": "$2.10", "price_calculation": "$0.53 per 100g", "category": "Pet"},
{"title": "Fancy Feast Medleys White Meat Chicken Florentine & Garden Greens Cat Food | 85g", "price": "$2.30", "price_calculation": "$2.71 per 100g", "category": "Pet"},
{"title": "Fancy Feast Royale Virgin Flaked Tuna Cat Food | 85g", "price": "$2.30", "price_calculation": "$2.71 per 100g", "category": "Pet"},
{"title": "Fussy Cat Grain Free Crunchers Adult Cat Treats With Beef & Liver | 100g", "price": "$2.80", "price_calculation": "$2.80 per 100g", "category": "Pet"},
{"title": "Schmackos Tasty Bites Cheesy Nibbles Cheese & Beef Dog Treat | 140g", "price": "$3.60", "price_calculation": "$2.57 per 100g", "category": "Pet"},
{"title": "Temptations Cat Treats Creamy Dairy | 85g", "price": "$5.00", "price_calculation": "$5.88 per 100g", "category": "Pet"},
{"title": "Fancy Feast Dry Cat Food Beef Salmon Cheese | 450g", "price": "$5.50", "price_calculation": "$1.22 per 100g", "category": "Pet"},
{"title": "Coles Adult Chilled Fresh Dog Food Roll Chicken & Rice | 3kg", "price": "$6.00", "price_calculation": "$0.20 per 100g", "category": "Pet"},
{"title": "Coles Cat Food Pouch Poultry Variety 12x85g | 12 pack", "price": "$6.00", "price_calculation": "$0.59 per 100g", "category": "Pet"},
{"title": "Nature's Gift Puppy Chilled Fresh Dog Food Meatballs with Chicken & Garden Vegetables | 650g", "price": "$6.00", "price_calculation": "$0.92 per 100g", "category": "Pet"},
{"title": "Natures Goodness Grain Free Adult Chilled Fresh Dog Food Roll Roast Meat With Sweet Potato | 2.15kg", "price": "$8.00", "price_calculation": "$0.37 per 100g", "category": "Pet"},
{"title": "Natures Goodness Grain Free Mature Adult Chilled Fresh Dog Food Roll Roast Turkey and Steamed Vegetables | 2.15kg", "price": "$8.00", "price_calculation": "$0.37 per 100g", "category": "Pet"},
{"title": "Vitapet Chicken Wrapped Rawhide Mini Bones | 7 pack", "price": "$8.80", "price_calculation": "$1.26 per 1ea", "category": "Pet"},
{"title": "Dine Cuts In Gravy With Beef And Liver Wet Cat Food 85g Tray | 7 pack", "price": "$9.00", "price_calculation": "$1.51 per 100g", "category": "Pet"},
{"title": "Purina Felix Doubly Delicious Meat Selection In Jelly | 12 pack", "price": "$14.50", "price_calculation": "$1.42 per 100g", "category": "Pet"},
{"title": "World's Best Clumping Formula Cat Litter | 3.63 kg", "price": "$20.00", "price_calculation": "$5.51 per 1kg", "category": "Pet"},
{"title": "Breeders Choice Cat Litter Paper | 15L", "price": "$20.00", "price_calculation": "$1.33 per 1L", "category": "Pet"},
{"title": "Fussy Cat Grain Free Adult Dry Cat Food Chicken & Turkey With Cranberry | 2.5 Kg", "price": "$24.00", "price_calculation": "$0.96 per 100g", "category": "Pet"},
{"title": "Optimum Adult Dog Food Salmon And Rice | 100g", "price": "$1.80", "price_calculation": "$1.80 per 100g", "category": "Pet"},
{"title": "Woofin Good Grainfree Chunks In Gravy Chicken & Vegetables Dog Food | 400g", "price": "$2.00", "price_calculation": "$0.50 per 100g", "category": "Pet"},
{"title": "Applaws Cat Treat Tuna Loin | 30g", "price": "$2.80", "price_calculation": "$9.33 per 100g", "category": "Pet"},
{"title": "Continental Cup A Soup Creamy Mushroom with Croutons 2 pack | 50g", "price": "$2.80", "price_calculation": "$5.60 per 100g", "category": "Bonus Cookware Credits"},
{"title": "Glad To Be Green Recycled Kitchen Tidy Bags Large | 22 pack", "price": "$4.00", "price_calculation": null, "category": "Bonus Cookware Credits"},
{"title": "Nescafe Blend 43 Smooth & Creamy Instant Coffee | 140g", "price": "$5.75", "price_calculation": "$4.11 per 100g", "category": "Bonus Cookware Credits"},
{"title": "Nescafe Gold Original Premium Instant Coffee | 100g", "price": "$5.75", "price_calculation": "$5.75 per 100g", "category": "Bonus Cookware Credits"},
{"title": "Colgate Advanced Whitening Toothpaste | 115g", "price": "$6.50", "price_calculation": "$5.65 per 100g", "category": "Bonus Cookware Credits"},
{"title": "Perfect Italiano Perfect Bakes | 450g", "price": "$9.00", "price_calculation": "$20.00 per 1kg", "category": "Bonus Cookware Credits"},
{"title": "Primo Streaky Bacon | 650g", "price": "$11.00", "price_calculation": "$16.92 per 1kg", "category": "Bonus Cookware Credits"},
{"title": "Continental Cup A Soup Chicken With Lots of Noodles Serves 2 | 60g", "price": "$2.80", "price_calculation": "$4.67 per 100g", "category": "Bonus Cookware Credits"},
{"title": "Uncle Tobys Roll Ups Rainbow Fruit Salad 6 Pack | 94g", "price": "$3.50", "price_calculation": "$3.72 per 100g", "category": "Bonus Cookware Credits"},
{"title": "Fancy Feast Classic Cat Food Gravy Lovers Beef | 85g", "price": "$1.90", "price_calculation": "$2.24 per 100g", "category": "Bonus Cookware Credits"},
{"title": "Fancy Feast Classic Cat Food Chicken Feast Chunky | 85g", "price": "$1.90", "price_calculation": "$2.24 per 100g", "category": "Bonus Cookware Credits"},
{"title": "Fancy Feast Classic Cat Food Chicken Prime Fillet | 85g", "price": "$1.90", "price_calculation": "$2.24 per 100g", "category": "Bonus Cookware Credits"},
{"title": "Fancy Feast Classic Cat Food Salmon Prime Fillet | 85g", "price": "$1.90", "price_calculation": "$2.24 per 100g", "category": "Bonus Cookware Credits"},
{"title": "Glad Cling Wrap 60m x 33cm | 60m", "price": "$5.25", "price_calculation": "$0.09 per 1M", "category": "Bonus Cookware Credits"},
{"title": "Colgate Sensitive Pro Relief Multiprotection Toothpaste | 110g", "price": "$5.50", "price_calculation": "$5.00 per 100g", "category": "Bonus Cookware Credits"},
{"title": "Coles Finest By Laurent Wholemeal Sourdough Vienna | 1 each", "price": "$6.50", "price_calculation": "$6.50 per 1ea", "category": "Bonus Cookware Credits"},
{"title": "Dynamo Profession Odour Eliminator Liquid | 1.8L", "price": "$12.50", "price_calculation": "$6.94 per 1L", "category": "Bonus Cookware Credits"},
{"title": "Dove Nourishing Secrets Restoring Coconut Body Wash | 1L", "price": "$17.00", "price_calculation": "$1.70 per 100mL", "category": "Bonus Cookware Credits"},
{"title": "Continental Cup A Soup Homestyle Pumpkin Soup Serves 2 | 61g", "price": "$2.80", "price_calculation": "$4.59 per 100g", "category": "Bonus Cookware Credits"},
{"title": "Bulla Light Thickened Cream | 300mL", "price": "$3.50", "price_calculation": "$1.17 per 100mL", "category": "Bonus Cookware Credits"},
{"title": "Glad To Be Green Recycled Kitchen Tidy Bags Medium | 28 pack", "price": "$4.00", "price_calculation": null, "category": "Bonus Cookware Credits"},
{"title": "Primo Shredded Ham Twin Pack | 300g", "price": "$4.80", "price_calculation": "$16.00 per 1kg", "category": "Bonus Cookware Credits"},
{"title": "Bref Duo Cubes 2 in 1 Formula Cistern Block Toilet Cleaner 2 pack | 100g", "price": "$5.00", "price_calculation": "$5.00 per 100g", "category": "Bonus Cookware Credits"},
{"title": "Uncle Tobys Plus Iron Cereal | 710g", "price": "$8.80", "price_calculation": "$1.24 per 100g", "category": "Bonus Cookware Credits"},
{"title": "Sensodyne Sensitive Teeth Pain Daily Care + Whitening Toothpaste | 110g", "price": "$9.70", "price_calculation": "$8.82 per 100g", "category": "Bonus Cookware Credits"},
{"title": "Bulla Aussie Style Yoghurt Natural | 160g", "price": "$2.40", "price_calculation": "$1.50 per 100g", "category": "Bonus Cookware Credits"},
{"title": "Bref Blue Active Toilet Cleaner Eucalyptus | 50g", "price": "$3.50", "price_calculation": "$7.00 per 100g", "category": "Bonus Cookware Credits"},
{"title": "Colgate Triple Action Toothpaste | 165g", "price": "$3.50", "price_calculation": "$2.12 per 100g", "category": "Bonus Cookware Credits"},
{"title": "Sunrice Naturally Sushi Rice | 1kg", "price": "$3.50", "price_calculation": "$0.35 per 100g", "category": "Bonus Cookware Credits"},
{"title": "Colgate 360 Degree Medium Toothbrush | 1 pack", "price": "$5.00", "price_calculation": "$5.00 per 1ea", "category": "Bonus Cookware Credits"},
{"title": "Kettle Potato Chips Chilli | 300g", "price": "$8.00", "price_calculation": "$2.67 per 100g", "category": "Bonus Cookware Credits"},
{"title": "Perfect Italiano Original Ricotta Soft Cheese Tub | 250g", "price": "$4.80", "price_calculation": "$19.20 per 1kg", "category": "Bonus Cookware Credits"},
{"title": "Glad To Be Green Plant Bio Based Kt Bags Medium | 30 pack", "price": "$5.00", "price_calculation": "$0.17 per 1ea", "category": "Bonus Cookware Credits"},
{"title": "Coles Finest Sourdough Pane Di Casa With Sesame | 1 pack", "price": "$6.50", "price_calculation": "$6.50 per 1ea", "category": "Bonus Cookware Credits"},
{"title": "Dove Triple Moisturising Body Wash | 1L", "price": "$17.00", "price_calculation": "$1.70 per 100mL", "category": "Bonus Cookware Credits"},
{"title": "Fancy Feast Classic Cat Food Turkey Prime Fillet | 85g", "price": "$1.90", "price_calculation": "$2.24 per 100g", "category": "Bonus Cookware Credits"},
{"title": "Continental Cup A Soup Chinese Chicken & Corn With Lots of Noodles Serves 2 | 66g", "price": "$2.80", "price_calculation": "$4.24 per 100g", "category": "Bonus Cookware Credits"},
{"title": "Bulla Frozen Multi Flavoured Yoghurt Sticks 8 pack | 472g", "price": "$4.00", "price_calculation": "$0.85 per 100g", "category": "Bonus Cookware Credits"},
{"title": "Coles Finest By Laurent Rye Sourdough Vienna | 1 each", "price": "$6.50", "price_calculation": "$6.50 per 1ea", "category": "Bonus Cookware Credits"},
{"title": "Magnum Ice Cream Classic 4Pack | 428mL", "price": "$8.00", "price_calculation": "$1.87 per 100mL", "category": "Bonus Cookware Credits"},
{"title": "Coles Finest Beef With Brisket Burger | 600g", "price": "$9.00", "price_calculation": "$15.00 per 1kg", "category": "Bonus Cookware Credits"},
{"title": "Coles RSPCA Approved Chicken Breast Fillets Large Pack | approx 1.4kg", "price": "$15.40", "price_calculation": "$11.00 per 1kg", "category": "Meat & Seafood"},
{"title": "Tassal Salmon Portions Skin On | 300g", "price": "$14.00", "price_calculation": "$46.67 per 1kg", "category": "Meat & Seafood"},
{"title": "Tassal Fresh Tassie Salmon Portions Skin Off | 300g", "price": "$15.00", "price_calculation": "$50.00 per 1kg", "category": "Meat & Seafood"},
{"title": "Tassal Salmon Portions Mustard And Dill | 300g", "price": "$14.00", "price_calculation": "$46.67 per 1kg", "category": "Meat & Seafood"},
{"title": "Huon Premium Cold Smoked Salmon | 100g", "price": "$10.50", "price_calculation": "$105.00 per 1kg", "category": "Meat & Seafood"},
{"title": "Coles Beef 4 Star Lean Mince | 500g", "price": "$9.50", "price_calculation": "$19.00 per 1kg", "category": "Meat & Seafood"},
{"title": "Coles RSPCA Approved Chicken Breast Fillets Small Pack | approx 600g", "price": "$7.80", "price_calculation": "$13.00 per 1kg", "category": "Meat & Seafood"},
{"title": "Old El Paso Regular Tortillas Fajita 6 Pack | 240g", "price": "$4.00", "price_calculation": "$1.67 per 100g", "category": "Meat & Seafood"},
{"title": "Pampas Frozen Puff Pastry Sheets 6 pieces | 1kg", "price": "$5.20", "price_calculation": "$0.52 per 100g", "category": "Meat & Seafood"},
{"title": "Coles Deli RSPCA Approved Chicken Breast Fillets | approx 300g", "price": "$3.00", "price_calculation": "$10.00 per 1kg", "category": "Meat & Seafood"},
{"title": "Coles RSPCA Approved Chicken Drumsticks Large Pack | approx 1.6kg", "price": "$6.40", "price_calculation": "$4.00 per 1kg", "category": "Meat & Seafood"},
{"title": "Coles Deli Fresh Tasmanian Salmon Portions Skin On | approx 200g", "price": "$6.60", "price_calculation": "$33.00 per 1kg", "category": "Meat & Seafood"},
{"title": "Coles Beef 5 Star Extra Lean Mince | 500g", "price": "$10.50", "price_calculation": "$21.00 per 1kg", "category": "Meat & Seafood"},
{"title": "Coles RSPCA Approved Chicken Thigh Fillets Large Pack | approx 1.2kg", "price": "$16.20", "price_calculation": "$13.50 per 1kg", "category": "Meat & Seafood"},
{"title": "Coles Beef 3 Star Regular Mince | 1kg", "price": "$12.00", "price_calculation": "$12.00 per 1kg", "category": "Meat & Seafood"},
{"title": "Coles Tasmanian Salmon Portions Skin On | 460g", "price": "$15.00", "price_calculation": "$32.61 per 1kg", "category": "Meat & Seafood"},
{"title": "Coles RSPCA Approved Chicken Thigh Fillets Small Pack | approx 700g", "price": "$10.50", "price_calculation": "$15.00 per 1kg", "category": "Meat & Seafood"},
{"title": "Coles RSPCA Approved Medium Whole Chicken | approx 1.65kg", "price": "$8.25", "price_calculation": "$5.00 per 1kg", "category": "Meat & Seafood"},
{"title": "Coles Bakery Flatbread White | 6 pack", "price": "$4.00", "price_calculation": "$0.67 per 1ea", "category": "Bakery"},
{"title": "Coles Deli Thawed Raw Black Tiger Prawns | approx 250g", "price": "$7.25", "price_calculation": "$29.00 per 1kg", "category": "Meat & Seafood"},
{"title": "Cadbury Mini Rolls Chocolate 5pack | 115g", "price": "$3.00", "price_calculation": "$2.61 per 100g", "category": "Bakery"},
{"title": "Coles Pork & Beef 3 Star Mince Bolognese | 500g", "price": "$6.50", "price_calculation": "$13.00 per 1kg", "category": "Meat & Seafood"},
{"title": "Cadbury Milk Chocolate Cake Bars | 105g", "price": "$3.00", "price_calculation": "$2.86 per 100g", "category": "Bakery"},
{"title": "Coles Beef 4 Star Lean Mince | 800g", "price": "$13.00", "price_calculation": "$16.25 per 1kg", "category": "Meat & Seafood"},
{"title": "Tip Top The One White Sandwich Bread | 700g", "price": "$4.40", "price_calculation": "$0.63 per 100g", "category": "Bakery"},
{"title": "Coles RSPCA Approved Free Range Chicken Breast Large Pack | approx 1.25kg", "price": "$17.50", "price_calculation": "$14.00 per 1kg", "category": "Meat & Seafood"},
{"title": "Cadbury Raspberry Mini Rolls 5 pack | 130g", "price": "$3.00", "price_calculation": "$2.31 per 100g", "category": "Bakery"},
{"title": "Coles Free Range RSPCA Approved Chicken Drumsticks | approx 1.4kg", "price": "$8.40", "price_calculation": "$6.00 per 1kg", "category": "Meat & Seafood"},
{"title": "Cadbury Caramel Cake Bars | 105g", "price": "$3.00", "price_calculation": "$2.86 per 100g", "category": "Bakery"},
{"title": "Coles Deli RSPCA Approved Chicken Thigh Fillets | approx 150g", "price": "$2.02", "price_calculation": "$13.50 per 1kg", "category": "Meat & Seafood"},
{"title": "Abbott's Bakery Country Grains Bread | 800g", "price": "$4.90", "price_calculation": "$0.61 per 100g", "category": "Bakery"},
{"title": "Coles Beef Chuck Casserole Steak | approx 900g", "price": "$16.20", "price_calculation": "$18.00 per 1kg", "category": "Meat & Seafood"},
{"title": "Abbott's Bakery Light Rye Bread | 680g", "price": "$4.90", "price_calculation": "$0.72 per 100g", "category": "Bakery"},
{"title": "Coles Extra Lean Pork Mince | 500g", "price": "$7.00", "price_calculation": "$14.00 per 1kg", "category": "Meat & Seafood"},
{"title": "Tip Top The One Wholemeal Sandwich Bread | 700g", "price": "$4.40", "price_calculation": "$0.63 per 100g", "category": "Bakery"},
{"title": "Coles Tasmanian Salmon Portions Skin Off | 460g", "price": "$17.50", "price_calculation": "$38.04 per 1kg", "category": "Meat & Seafood"},
{"title": "Tip Top 9 Grain Original Bread | 700g", "price": "$4.40", "price_calculation": "$0.63 per 100g", "category": "Bakery"},
{"title": "Coles Deli Thawed Raw Peeled Prawn Meat | approx 250g", "price": "$7.50", "price_calculation": "$30.00 per 1kg", "category": "Meat & Seafood"},
{"title": "Abbott's Bakery Rustic White Bread | 700g", "price": "$4.90", "price_calculation": "$0.70 per 100g", "category": "Bakery"},
{"title": "Coles RSPCA Approved Free Range Chicken Wing Nibbles | approx 600g", "price": "$4.20", "price_calculation": "$7.00 per 1kg", "category": "Meat & Seafood"},
{"title": "Wonder White Bread Wholemeal Plus Iron | 700g", "price": "$4.40", "price_calculation": "$0.63 per 100g", "category": "Bakery"},
{"title": "Coles Pork Spare Ribs Rr 11X9 Large Tray | approx 800g", "price": "$14.40", "price_calculation": "$18.00 per 1kg", "category": "Meat & Seafood"},
{"title": "Western Star Traditional Spreadable Butter Blend | 500g", "price": "$6.00", "price_calculation": "$1.20 per 100g", "category": "Bakery"},
{"title": "Coles No Added Hormone Beef Porterhouse Steak 2 Pack | 450g", "price": "$16.00", "price_calculation": "$35.56 per 1kg", "category": "Meat & Seafood"},
{"title": "Coles Bakery Flatbread Wholemeal | 6 pack", "price": "$4.00", "price_calculation": "$0.67 per 1ea", "category": "Bakery"},
{"title": "Coles RSPCA Approved Free Range Chicken Thigh Large Pack | approx 1.25kg", "price": "$20.62", "price_calculation": "$16.50 per 1kg", "category": "Meat & Seafood"},
{"title": "Coles Bakery Croissants 3 Pack | 189g", "price": "$2.85", "price_calculation": "$1.51 per 100g", "category": "Bakery"},
{"title": "Lilydale Free Range Chicken Breast Fillets Bulk Pack  | approx 1kg", "price": "$15.00", "price_calculation": "$15.00 per 1kg", "category": "Meat & Seafood"},
{"title": "Coles White Bread | 650g", "price": "$2.40", "price_calculation": "$0.37 per 100g", "category": "Bakery"},
{"title": "Coles Deli Thawed Arrow Squid Rings | approx 250g", "price": "$1.75", "price_calculation": "$7.00 per 1kg", "category": "Meat & Seafood"},
{"title": "Tip Top Original English Muffins 6 Pack | 400g", "price": "$3.00", "price_calculation": "$0.75 per 100g", "category": "Bakery"},
{"title": "Coles Lamb Shanks 2 pack | approx 775g", "price": "$10.07", "price_calculation": "$13.00 per 1kg", "category": "Meat & Seafood"},
{"title": "Tip Top The One White Toast Bread | 700g", "price": "$4.40", "price_calculation": "$0.63 per 100g", "category": "Bakery"},
{"title": "Coles No Added Hormone Beef Oyster Blade Steak | 500g", "price": "$11.00", "price_calculation": "$22.00 per 1kg", "category": "Meat & Seafood"},
{"title": "Coles Bakery Super Soft Round Rolls | 6 pack", "price": "$2.50", "price_calculation": "$0.42 per 1ea", "category": "Bakery"},
{"title": "Coles Thawed Seafood Marinara Mix | approx 250g", "price": "$3.75", "price_calculation": "$15.00 per 1kg", "category": "Meat & Seafood"},
{"title": "Coles High Fibre Wholemeal Bread | 700g", "price": "$3.50", "price_calculation": "$0.50 per 100g", "category": "Bakery"},
{"title": "Coles Deli RSPCA Approved Chicken Breast Chunks | approx 250g", "price": "$2.50", "price_calculation": "$10.00 per 1kg", "category": "Meat & Seafood"},
{"title": "Coles Soft Wholemeal Sandwich Loaf | 650g", "price": "$2.70", "price_calculation": "$0.42 per 100g", "category": "Bakery"},
{"title": "Coles Deli Fresh Tasmanian Salmon Portions Skin Off | approx 250g", "price": "$9.00", "price_calculation": "$36.00 per 1kg", "category": "Meat & Seafood"},
{"title": "Coles Bakery Pancakes | 5 pack", "price": "$4.00", "price_calculation": "$0.80 per 1ea", "category": "Bakery"},
{"title": "Coles Deli Thawed Basa Fillets | approx 200g", "price": "$1.80", "price_calculation": "$9.00 per 1kg", "category": "Meat & Seafood"},
{"title": "Helga's Traditional Wholemeal Bread | 750g", "price": "$4.90", "price_calculation": "$0.65 per 100g", "category": "Bakery"},
{"title": "Coles RSPCA Approved Extra Large Whole Chicken | approx 2.4kg", "price": "$12.00", "price_calculation": "$5.00 per 1kg", "category": "Meat & Seafood"},
{"title": "Coles Bakery Croissants 4 Pack | 168g", "price": "$2.85", "price_calculation": "$1.70 per 100g", "category": "Bakery"},
{"title": "Coles Butcher Lamb Loin Chops | approx 500g", "price": "$10.00", "price_calculation": "$20.00 per 1kg", "category": "Meat & Seafood"},
{"title": "Coles Turkish Rolls 4 pack | 400g", "price": "$2.80", "price_calculation": "$0.70 per 100g", "category": "Bakery"},
{"title": "Coles Deli RSPCA Approved Chicken Drumsticks | approx 160g", "price": "$0.72", "price_calculation": "$4.50 per 1kg", "category": "Meat & Seafood"},
{"title": "Coles Bakery Stone Baked By Laurent Pane Di Casa | 1 each", "price": "$4.00", "price_calculation": "$4.00 per 1ea", "category": "Bakery"},
{"title": "Coles Deli Thawed Australian MSC Raw Banana Prawns | approx 250g", "price": "$5.50", "price_calculation": "$22.00 per 1kg", "category": "Meat & Seafood"},
{"title": "Coles Soft White Toast Loaf | 650g", "price": "$2.70", "price_calculation": "$0.42 per 100g", "category": "Bakery"},
{"title": "Coles Butcher Lamb Forequarter Chops | approx 1.177kg", "price": "$17.66", "price_calculation": "$15.00 per 1kg", "category": "Meat & Seafood"},
{"title": "Coles Bakery Super Soft White Toast Loaf | 680g", "price": "$2.70", "price_calculation": "$0.40 per 100g", "category": "Bakery"},
{"title": "Coles Deli Thawed Barramundi Fillets | approx 350g", "price": "$5.95", "price_calculation": "$17.00 per 1kg", "category": "Meat & Seafood"},
{"title": "Wonder White Bread + Vitamins Toast | 700g", "price": "$4.40", "price_calculation": "$0.63 per 100g", "category": "Bakery"},
{"title": "Tip Top Cafe Bread Raisin Toast | 650g", "price": "$5.00", "price_calculation": "$0.77 per 100g", "category": "Bakery"},
{"title": "Coles Bakery Vegemite Scroll | 1 each", "price": "$2.50", "price_calculation": "$2.50 per 1ea", "category": "Bakery"},
{"title": "Coles Bakery Super Soft White Sandwich Loaf | 680g", "price": "$2.70", "price_calculation": "$0.40 per 100g", "category": "Bakery"},
{"title": "Coles Bakery Rustic Rolls  | 4 pack", "price": "$3.75", "price_calculation": "$0.94 per 1ea", "category": "Bakery"},
{"title": "Coles Iced Donuts  | 6 pack", "price": "$3.80", "price_calculation": "$0.63 per 1ea", "category": "Bakery"},
{"title": "Golden Crumpet Square 6 pack | 425g", "price": "$3.50", "price_calculation": "$0.58 per 1ea", "category": "Bakery"},
{"title": "Tip Top Raisin Toast Bread | 520g", "price": "$5.20", "price_calculation": "$1.00 per 100g", "category": "Bakery"},
{"title": "Coles Bakery Super Soft Hamburger Rolls | 6 pack", "price": "$2.50", "price_calculation": "$0.42 per 1ea", "category": "Bakery"},
{"title": "Coles Brioche Hamburger Buns 4 Pack | 200g", "price": "$3.80", "price_calculation": "$1.90 per 100g", "category": "Bakery"},
{"title": "Helga's Mixed Grain Bread | 850g", "price": "$4.90", "price_calculation": "$0.58 per 100g", "category": "Bakery"},
{"title": "Coles Pain Au Chocolate | 220g", "price": "$4.00", "price_calculation": "$1.82 per 100g", "category": "Bakery"},
{"title": "Coles Bakery French Stick | 1 each", "price": "$1.90", "price_calculation": "$1.90 per 1ea", "category": "Bakery"},
{"title": "Coles Mini Chocolate Chip Muffins | 9 Pack", "price": "$4.70", "price_calculation": "$0.52 per 1ea", "category": "Bakery"},
{"title": "Wholemeal Toast Loaf | 680g", "price": "$2.70", "price_calculation": "$0.40 per 100g", "category": "Bakery"},
{"title": "Coles Raisin Toast | 560g", "price": "$3.00", "price_calculation": "$0.54 per 100g", "category": "Bakery"},
{"title": "Coles Bakery Sesame French Stick | 1 each", "price": "$1.90", "price_calculation": "$1.90 per 1ea", "category": "Bakery"},
{"title": "Helga's Light Rye Bread | 680g", "price": "$4.90", "price_calculation": "$0.72 per 100g", "category": "Bakery"},
{"title": "Coles Bakery Stone Baked White Sourdough Vienna | 1 each", "price": "$5.00", "price_calculation": "$5.00 per 1ea", "category": "Bakery"},
{"title": "Coles Bakery Vietnamese Rolls | 6 pack", "price": "$2.50", "price_calculation": "$0.42 per 1ea", "category": "Bakery"},
{"title": "Coles English Muffins 6 Pack | 400g", "price": "$2.90", "price_calculation": "$0.73 per 100g", "category": "Bakery"},
{"title": "Coyo Organic Coconut Ice Cream Chocolate Ripple | 500mL", "price": "$10.00", "price_calculation": "$2.00 per 100mL", "category": "Frozen"},
{"title": "Mrs Mac's Brush & Bake Steak Cheese & Bacon Pie 2Pk | 400g", "price": "$10.00", "price_calculation": "$2.50 per 100g", "category": "Frozen"},
{"title": "I&J Fish Goujons | 800g", "price": "$10.00", "price_calculation": "$12.50 per 1kg", "category": "Frozen"},
{"title": "Pasta al Naturale Gluten Free Frozen Potato Gnocchi  | 375g", "price": "$10.00", "price_calculation": "$2.67 per 100g", "category": "Frozen"},
{"title": "KB's Chili & Lime Squid Rings | 360g", "price": "$10.50", "price_calculation": "$29.17 per 1kg", "category": "Frozen"},
{"title": "Snackboy Loving Earth White Chocolate Caramel Dessert | 475mL", "price": "$11.00", "price_calculation": "$2.32 per 100mL", "category": "Frozen"},
{"title": "Snackboy Loving Earth Dark Chocolate Hazelnut Dessert | 475mL", "price": "$11.00", "price_calculation": "$2.32 per 100mL", "category": "Frozen"},
{"title": "Snackboy Macro Mike Salted Caramel Dessert | 475mL", "price": "$11.00", "price_calculation": "$2.32 per 100mL", "category": "Frozen"},
{"title": "Pana Organic Frozen Dessert Salted Choc & Caramel | 950mL", "price": "$12.00", "price_calculation": "$1.26 per 100mL", "category": "Frozen"},
{"title": "The Fishery Australian Saddletail Snapper Portions | 260g", "price": "$12.00", "price_calculation": "$46.15 per 1kg", "category": "Frozen"},
{"title": "Hanabi Frozen Fish Spanish Mackerel Cutlet | 600g", "price": "$12.70", "price_calculation": "$2.12 per 100g", "category": "Frozen"},
{"title": "I&J Beer Batter Wild Caught Fish Fillets | 1.03kg", "price": "$13.00", "price_calculation": "$12.62 per 1kg", "category": "Frozen"},
{"title": "Family Fave's Chicken Space Shapes | 1kg", "price": "$21.50", "price_calculation": "$21.50 per 1kg", "category": "Frozen"},
{"title": "Yum Cha At Home Stick Springroll | 1kg", "price": "$24.50", "price_calculation": "$2.45 per 100g", "category": "Frozen"},
{"title": "Daley Street Q-graders Cremorne Coffee Beans | 250g", "price": null, "price_calculation": null, "category": "Drinks"},
{"title": "Vittoria Long Black Coffee Bags | 20 pack", "price": "$12.50", "price_calculation": "$0.63 per 1ea", "category": "Drinks"},
{"title": "Robert Timms Caramel Flavoured Coffee Bags | 24 pack", "price": null, "price_calculation": null, "category": "Drinks"},
{"title": "Vittoria Freeze Dried Instant Decaf | 100g", "price": "$13.50", "price_calculation": "$13.50 per 100g", "category": "Drinks"},
{"title": "Vittoria Decaf Blend Coffee Bags | 20 pack", "price": "$13.50", "price_calculation": "$0.68 per 1ea", "category": "Drinks"},
{"title": "Mornington Free Pale Ale Non-alcoholic 6x375mL | 6 pack", "price": "$14.00", "price_calculation": "$6.22 per 1L", "category": "Drinks"},
{"title": "Dilmah 85 Reserve Earl Grey & Vanilla Tin | 20 pack", "price": null, "price_calculation": null, "category": "Drinks"},
{"title": "Dilmah 85 Reserve Ceylon Green Tea & Mint Tin | 20 pack", "price": null, "price_calculation": null, "category": "Drinks"},
{"title": "Lavazza Tales Of Italy Alluring Napoli Ground Coffee | 250g", "price": null, "price_calculation": null, "category": "Drinks"},
{"title": "Lavazza Tales Of Italy Eternal Roma Ground Coffee | 250g", "price": null, "price_calculation": null, "category": "Drinks"},
{"title": "Naked Life Non Alcoholic Canadian Rye 4x250mL | 4 pack", "price": "$15.00", "price_calculation": "$15.00 per 1L", "category": "Drinks"},
{"title": "Lyre's Non Alcoholic Italian Spritz 200mL | 1 Each", "price": "$15.00", "price_calculation": "$75.00 per 1L", "category": "Drinks"},
{"title": "Naked Life Non Alcoholic Mojito Spritz Cocktail 4x250mL | 4 pack", "price": "$15.00", "price_calculation": "$15.00 per 1L", "category": "Drinks"},
{"title": "Vittoria Mountain Grown Ground Coffee | 500g", "price": "$16.00", "price_calculation": "$3.20 per 100g", "category": "Drinks"},
{"title": "Nort Refreshing Ale Can 375mL | 6 Pack", "price": "$16.00", "price_calculation": "$7.11 per 1L", "category": "Drinks"},
{"title": "Lavazza Espresso Ristretto Nespresso Compatible Coffee Capsules | 30 pack", "price": null, "price_calculation": null, "category": "Drinks"},
{"title": "Solo Zero Soft Drink 12x450mL | 12 pack", "price": "$18.00", "price_calculation": "$3.33 per 1L", "category": "Drinks"},
{"title": "Moccona Barista Reserve Dark Roast Coffee Beans | 1kg", "price": null, "price_calculation": null, "category": "Drinks"},
{"title": "Athletic Brewing Company Run Wild Non Alcholic Beer 6x355mL | 6 pack", "price": "$20.00", "price_calculation": "$9.39 per 1L", "category": "Drinks"},
{"title": "Lavazza Espresso Barista Gran Crema Coffee Beans | 500g", "price": null, "price_calculation": null, "category": "Drinks"},
{"title": "Nescafe Blend 43 Instant Decaf | 250g", "price": null, "price_calculation": null, "category": "Drinks"},
{"title": "Lavazza Tales Of Italy Alluring Napoli Premium Coffee Beans | 500g", "price": null, "price_calculation": null, "category": "Drinks"},
{"title": "Lavazza Tales Of Italy Eternal Roma Premium Coffee Beans | 500g", "price": null, "price_calculation": null, "category": "Drinks"},
{"title": "Sanpellegrino Sparkling Mineral Water 750mL | 12 pack", "price": "$30.00", "price_calculation": "$3.33 per 1L", "category": "Drinks"},
{"title": "St Ali Italo Disco Coffee Beans | 500g", "price": null, "price_calculation": null, "category": "Drinks"},
{"title": "Jed's No.3 Strong Coffee Beans | 1kg", "price": null, "price_calculation": null, "category": "Drinks"},
{"title": "Jed's No.5 Extra Strong Coffee Beans | 1kg", "price": null, "price_calculation": null, "category": "Drinks"},
{"title": "Jed's No.X Extreme Coffee Beans | 1kg", "price": null, "price_calculation": null, "category": "Drinks"},
{"title": "Sanpellegrino Pet Sparkling Mineral Water | 1 carton", "price": "$37.80", "price_calculation": "$37.80 per 1L", "category": "Drinks"},
{"title": "Lavazza Espresso Barista Organic Coffee Beans | 1kg", "price": null, "price_calculation": null, "category": "Drinks"},
{"title": "L'OR Sublime Barsta Capsule Machine | 1 each", "price": "$99.00", "price_calculation": "$99.00 per 1ea", "category": "Drinks"},
{"title": "Coles Pesto Pasta & Fetta | 375g", "price": "$4.00", "price_calculation": "$1.07 per 100g", "category": "Frozen"},
{"title": "Birds Eye Frozen Steam Fresh Bean Broccoli & Sugar Snap Peas 3 pack | 450g", "price": "$4.50", "price_calculation": "$10.00 per 1kg", "category": "Frozen"},
{"title": "Steggles Frozen Crumbed Chicken Breast Fingers | 400g", "price": "$6.00", "price_calculation": "$15.00 per 1kg", "category": "Frozen"},
{"title": "Dr. Oetker Frozen Ristorante Spinaci (Spinach) Pizza | 390g", "price": "$6.30", "price_calculation": "$1.62 per 100g", "category": "Frozen"},
{"title": "Peters Original Twin Pole Pineapple & Raspberry 8 Pack | 592mL", "price": "$8.00", "price_calculation": "$1.35 per 100mL", "category": "Frozen"},
{"title": "Connoisseur Ice Cream Cafe Grande | 1L", "price": "$9.00", "price_calculation": "$0.90 per 100mL", "category": "Frozen"},
{"title": "McCain Frozen Cheese & Bacon Pizza Slices 6 pack | 600g", "price": "$9.00", "price_calculation": "$1.50 per 100g", "category": "Frozen"},
{"title": "Peters Gluten Free Original Vanilla Ice Cream Tub | 4L", "price": "$10.90", "price_calculation": "$0.27 per 100mL", "category": "Frozen"},
{"title": "Hanabi Frozen Edamame Soybean Pods | 400g", "price": "$3.90", "price_calculation": "$9.75 per 1kg", "category": "Frozen"},
{"title": "Coles Penne Napoletana Pasta | 375g", "price": "$4.00", "price_calculation": "$1.07 per 100g", "category": "Frozen"},
{"title": "Coles Frozen Convenience Meal With Macaroni Cheese | 375g", "price": "$4.00", "price_calculation": "$1.07 per 100g", "category": "Frozen"},
{"title": "Birds Eye Frozen Shanghai Stir Fry | 500g", "price": "$4.50", "price_calculation": "$9.00 per 1kg", "category": "Frozen"},
{"title": "McCain Frozen Healthy Choice Creamy Chicken Carbonara | 300g", "price": "$5.00", "price_calculation": "$1.67 per 100g", "category": "Frozen"},
{"title": "Inghams Crumbed Nuggets | 400g", "price": "$5.50", "price_calculation": "$13.75 per 1kg", "category": "Frozen"},
{"title": "Birds Eye Snap Frozen Corn Kernels | 1kg", "price": "$6.00", "price_calculation": "$6.00 per 1kg", "category": "Frozen"},
{"title": "McCain Frozen BBQ Meatlovers Family Pizza | 500g", "price": "$8.50", "price_calculation": "$1.70 per 100g", "category": "Frozen"},
{"title": "McCain Frozen Meat Lovers Pizza Slices 6 pack | 600g", "price": "$9.00", "price_calculation": "$1.50 per 100g", "category": "Frozen"},
{"title": "Steggles Frozen Flaming Chicken Wing Nibbles | 1kg", "price": "$11.00", "price_calculation": "$11.00 per 1kg", "category": "Frozen"},
{"title": "Cadbury Dairy Milk Ice Cream Vanilla | 460mL", "price": "$12.00", "price_calculation": "$2.61 per 100mL", "category": "Frozen"},
{"title": "Haagen Dazs Fruit Collection Ice Cream Mini Cups 4 Pack | 380mL", "price": "$13.50", "price_calculation": "$3.55 per 100mL", "category": "Frozen"},
{"title": "Patties Frozen Mini Combo Party Pies & Sausage Rolls 40 pack | 1kg", "price": "$13.50", "price_calculation": "$1.35 per 100g", "category": "Frozen"},
{"title": "Vadilal Bhindi Cuts | 312g", "price": "$2.40", "price_calculation": "$0.77 per 100g", "category": "Frozen"},
{"title": "Coles Frozen Convenience Meal Shepherds Pie | 375g", "price": "$4.00", "price_calculation": "$1.07 per 100g", "category": "Frozen"},
{"title": "McCain Pub Style Potato Wedges | 750g", "price": "$4.80", "price_calculation": "$6.40 per 1kg", "category": "Frozen"},
{"title": "Pampas Frozen Puff Pastry Sheets Extra Light 6 pack | 1kg", "price": "$5.20", "price_calculation": "$0.52 per 100g", "category": "Frozen"},
{"title": "Inghams Crumbed Tenders | 400g", "price": "$5.50", "price_calculation": "$13.75 per 1kg", "category": "Frozen"},
{"title": "Coles Frozen Fruit Pineapple | 500g", "price": "$6.20", "price_calculation": "$1.24 per 100g", "category": "Frozen"},
{"title": "Ben & Jerry's Sofa So Good Together | 458mL", "price": "$7.25", "price_calculation": "$1.58 per 100mL", "category": "Frozen"},
{"title": "Connoisseur Ice Cream Honey Macadamia | 1L", "price": "$9.00", "price_calculation": "$0.90 per 100mL", "category": "Frozen"},
{"title": "Peters Drumstick Choc Mint Ice Cream 4 pack | 475mL", "price": "$9.50", "price_calculation": "$2.00 per 100mL", "category": "Frozen"},
{"title": "Four N Twenty Angus Beef & Pepper Pies | 700g", "price": "$11.00", "price_calculation": "$1.57 per 100g", "category": "Frozen"},
{"title": "Grandma's Golden Wok Vegetable Gyoza | 800g", "price": "$19.80", "price_calculation": "$2.48 per 100g", "category": "Frozen"},
{"title": "Coles Convenience Meals Tuna Bake | 375g", "price": "$4.00", "price_calculation": "$1.07 per 100g", "category": "Frozen"},
{"title": "Coles French Style Cheesecake | 450g", "price": "$4.30", "price_calculation": "$0.96 per 100g", "category": "Frozen"},
{"title": "Birds Eye Frozen Steam Fresh Beans Carrot & Broccoli Mix 3 pack | 450g", "price": "$4.50", "price_calculation": "$10.00 per 1kg", "category": "Frozen"},
{"title": "Blue Lotus Sweet Chilli Tofu Nuggets | 350g", "price": "$5.90", "price_calculation": "$1.69 per 100g", "category": "Dairy, Eggs & Fridge"},
{"title": "Birds Eye Frozen Fish Fillets With Lemon Pepper Crumb Oven Bake 6 pack | 425g", "price": "$5.25", "price_calculation": "$12.35 per 1kg", "category": "Frozen"},
{"title": "Unicorn Selections Ash Brie | 125g", "price": "$6.00", "price_calculation": "$48.00 per 1kg", "category": "Dairy, Eggs & Fridge"},
{"title": "Coles Vegetable Samosas 10 Pack | 300g", "price": "$5.50", "price_calculation": "$1.83 per 100g", "category": "Frozen"},
{"title": "Pura Light Start Milk | 3L", "price": null, "price_calculation": null, "category": "Dairy, Eggs & Fridge"},
{"title": "Creative Gourmet Frozen Coconut Chunks | 300g", "price": "$5.65", "price_calculation": "$18.83 per 1kg", "category": "Frozen"},
{"title": "Kido Daifuku Chocolate | 200g", "price": "$6.40", "price_calculation": "$3.20 per 100g", "category": "Dairy, Eggs & Fridge"},
{"title": "Peters Oreo Ice Cream Tub | 1.2L", "price": "$6.50", "price_calculation": "$0.54 per 100mL", "category": "Frozen"},
{"title": "Veef Plant Based Pulled Pork | 200g", "price": "$6.50", "price_calculation": "$3.25 per 100g", "category": "Dairy, Eggs & Fridge"},
{"title": "Coles Carrots Batons | 500g", "price": "$2.90", "price_calculation": "$5.80 per 1kg", "category": "Frozen"},
{"title": "Ezy Duck Duck Breasts | 280g", "price": "$7.50", "price_calculation": "$26.79 per 1kg", "category": "Dairy, Eggs & Fridge"},
{"title": "Coles BBQ Meatlovers Pizza | 500g", "price": "$5.00", "price_calculation": "$1.00 per 100g", "category": "Frozen"},
{"title": "Get Plant'd Meat-free Steak Slices | 100g", "price": "$7.50", "price_calculation": "$7.50 per 100g", "category": "Dairy, Eggs & Fridge"},
{"title": "Coles Corn Fritters 10 Pack | 300g", "price": "$5.50", "price_calculation": "$1.83 per 100g", "category": "Frozen"},
{"title": "Get Plant'd Meat Free Roast Char Siu Pork | 300g", "price": "$8.00", "price_calculation": "$2.67 per 100g", "category": "Dairy, Eggs & Fridge"},
{"title": "Peters Gluten Free Original Neapolitan Multi Flavoured Ice Cream Tub | 2L", "price": "$5.50", "price_calculation": "$0.28 per 100mL", "category": "Frozen"},
{"title": "Valley Park Farm Free Range Eggs 18 pack | 1kg", "price": "$9.30", "price_calculation": "$0.93 per 100g", "category": "Dairy, Eggs & Fridge"},
{"title": "Birds Eye Frozen Seasoned Sides Mediterranean Mix | 600g", "price": "$5.60", "price_calculation": "$9.33 per 1kg", "category": "Frozen"},
{"title": "Ashgrove Signature Vintage Eddington Cheddar | 150g", "price": "$9.50", "price_calculation": "$63.34 per 1kg", "category": "Dairy, Eggs & Fridge"},
{"title": "Weight Watchers Snap Frozen Mushroom & Pumpkin Risotto | 320g", "price": "$6.50", "price_calculation": "$2.03 per 100g", "category": "Frozen"},
{"title": "Ashgrove Signature Smoked Red Leicester | 150g", "price": "$9.50", "price_calculation": "$63.34 per 1kg", "category": "Dairy, Eggs & Fridge"},
{"title": "Connoisseur Ice Cream Belgian Chocolate | 1L", "price": "$9.00", "price_calculation": "$0.90 per 100mL", "category": "Frozen"},
{"title": "Snowdonia Red Storm | 150g", "price": "$9.90", "price_calculation": "$66.00 per 1kg", "category": "Dairy, Eggs & Fridge"},
{"title": "Snickers Creamy Ice Bar 6 Pack | 300mL", "price": "$9.00", "price_calculation": "$3.00 per 100mL", "category": "Frozen"},
{"title": "Dari's Moroccan Harira Soup | 600g", "price": "$9.95", "price_calculation": "$1.66 per 100g", "category": "Dairy, Eggs & Fridge"},
{"title": "Coles Chicken Breast Dino Nuggets | 1kg", "price": "$10.00", "price_calculation": "$10.00 per 1kg", "category": "Frozen"},
{"title": "Dari's Chicken & Corn Soup | 1.2kg", "price": "$12.45", "price_calculation": "$1.04 per 100g", "category": "Dairy, Eggs & Fridge"},
{"title": "Bio-Dynamic Triple Cream Camembert | 280g", "price": "$14.50", "price_calculation": "$51.79 per 1kg", "category": "Dairy, Eggs & Fridge"},
{"title": "Le Dauphin Double Creme Cheese | 200g", "price": "$24.00", "price_calculation": "$120.00 per 1kg", "category": "Dairy, Eggs & Fridge"},
{"title": "Easiyo Black Yoghurt Maker | 1 each", "price": "$25.00", "price_calculation": "$25.00 per 1ea", "category": "Dairy, Eggs & Fridge"},
{"title": "Ray's Traditional Home Style Pudding Plum No 2 | 900g", "price": "$35.90", "price_calculation": "$3.99 per 100g", "category": "Dairy, Eggs & Fridge"},
{"title": "Ray's Traditional Home Style Plum Pudding No 3 | 1.4kg", "price": "$54.50", "price_calculation": "$3.89 per 100g", "category": "Dairy, Eggs & Fridge"},
{"title": "Ray's Traditional Home Style Plum Pudding No 4 | 1.8kg", "price": "$68.00", "price_calculation": "$3.78 per 100g", "category": "Dairy, Eggs & Fridge"},
{"title": "Ray's Traditional Home Style Plum Pudding No 5 | 2.3kg", "price": "$82.50", "price_calculation": "$3.59 per 100g", "category": "Dairy, Eggs & Fridge"},
{"title": "The Juice Brothers Pulp Free Orange Juice | 1.5L", "price": "$5.00", "price_calculation": "$3.33 per 1L", "category": "Drinks"},
{"title": "Bundaberg Brewed Drink Guava 4x375mL | 4 pack", "price": "$6.45", "price_calculation": "$4.30 per 1L", "category": "Drinks"},
{"title": "Nudie Cloudy Apple Juice Chilled | 2L", "price": "$8.00", "price_calculation": "$4.00 per 1L", "category": "Drinks"},
{"title": "Nudie Byron Breeze Juice | 2L", "price": "$8.50", "price_calculation": "$4.25 per 1L", "category": "Drinks"},
{"title": "Red Bull Energy Drink Multipack Cans 250mL | 8 pack", "price": "$13.70", "price_calculation": "$6.85 per 1L", "category": "Drinks"},
{"title": "Blue Diamond Almond Breeze Unsweetened Almond Milk | 1L", "price": "$2.10", "price_calculation": "$2.10 per 1L", "category": "Drinks"},
{"title": "Daily Juice Pulp Free No Added Sugar Orange Juice | 3L", "price": "$7.00", "price_calculation": "$2.33 per 1L", "category": "Drinks"},
{"title": "Coles Lightly Sparkling Water 500Ml | 20 pack", "price": "$9.50", "price_calculation": "$0.95 per 1L", "category": "Drinks"},
{"title": "Coles Tonic Water | 1.25L", "price": "$0.90", "price_calculation": "$0.72 per 1L", "category": "Drinks"},
{"title": "Twining's Pure Camomile Infusions Tea Bags | 10 pack", "price": "$1.50", "price_calculation": "$0.15 per 1ea", "category": "Drinks"},
{"title": "Solo Lemon Flavour Multipack Cans 375mL | 10 pack", "price": "$7.50", "price_calculation": "$2.00 per 1L", "category": "Drinks"},
{"title": "Coles Mixer Diet Dry Ginger Ale | 1.25L", "price": "$0.90", "price_calculation": "$0.72 per 1L", "category": "Drinks"},
{"title": "Kirks Soft Drink Sugar Free Lemonade Sugar Free | 1.25L", "price": "$1.60", "price_calculation": "$1.28 per 1L", "category": "Drinks"},
{"title": "Pureharvest Unsweetened Almond Milk | 1L", "price": "$2.00", "price_calculation": "$2.00 per 1L", "category": "Drinks"},
{"title": "Kirks Soft Drink Pasito | 600mL", "price": "$2.50", "price_calculation": "$4.17 per 1L", "category": "Drinks"},
{"title": "Gatorade Sports Drink Fierce Green Apple | 600mL", "price": "$3.85", "price_calculation": "$6.42 per 1L", "category": "Drinks"},
{"title": "Pop Tops Apple Fruit Drink Multipack 250mL | 6 pack", "price": "$5.00", "price_calculation": "$3.33 per 1L", "category": "Drinks"},
{"title": "Twinings Earl Grey Tea Bags 100 pack | 200g", "price": "$13.50", "price_calculation": "$0.14 per 1ea", "category": "Drinks"},
{"title": "Vitasoy Soy Milky Regular Long Life Milk 1L | 1L", "price": "$2.45", "price_calculation": "$2.45 per 1L", "category": "Drinks"},
{"title": "Coles Mango Nectar Fruit Drink | 2L", "price": "$2.80", "price_calculation": "$1.40 per 1L", "category": "Drinks"},
{"title": "Vitasoy Oat Milky | 1L", "price": "$3.00", "price_calculation": "$3.00 per 1L", "category": "Drinks"},
{"title": "Jarrah Classic Hot Chocolate | 10 pack", "price": "$3.50", "price_calculation": "$0.35 per 1ea", "category": "Drinks"},
{"title": "Gatorade Fierce Grape Sport Drink | 600mL", "price": "$3.85", "price_calculation": "$6.42 per 1L", "category": "Drinks"},
{"title": "The Juice Brothers Morning Start Juice | 1.5L", "price": "$5.00", "price_calculation": "$3.33 per 1L", "category": "Drinks"},
{"title": "Nestle Milo Chocolate Malt Powder Drink | 200g", "price": "$5.00", "price_calculation": "$2.50 per 100g", "category": "Drinks"},
{"title": "Nescafe Blend 43 Smooth & Creamy Instant Coffee | 140g", "price": "$5.75", "price_calculation": "$4.11 per 100g", "category": "Drinks"},
{"title": "Nescafe Gold Original Premium Instant Coffee | 100g", "price": "$5.75", "price_calculation": "$5.75 per 100g", "category": "Drinks"},
{"title": "Moccona Espresso Style Bold & Intense Instant Coffee | 400g", "price": "$18.00", "price_calculation": "$4.50 per 100g", "category": "Drinks"},
{"title": "Schweppes Mixers Zero Sugar Dry Ginger Ale | 1.1L", "price": "$1.50", "price_calculation": "$1.36 per 1L", "category": "Drinks"},
{"title": "Pepsi Soft Drink Max Vanilla Bottle | 1.25L", "price": "$1.70", "price_calculation": "$1.36 per 1L", "category": "Drinks"},
{"title": "Sprite Lemonade Soft Drink Can | 250mL", "price": "$1.80", "price_calculation": "$7.20 per 1L", "category": "Drinks"},
{"title": "Fanta Raspberry Zero Sugar Soft Drink Bottle | 600mL", "price": "$3.20", "price_calculation": "$5.33 per 1L", "category": "Drinks"},
{"title": "Boss Iced Latte Coffee | 237mL", "price": "$3.85", "price_calculation": "$16.25 per 1L", "category": "Drinks"},
{"title": "H2 Coco 100% Natural Coconut Water | 2L", "price": "$6.00", "price_calculation": "$3.00 per 1L", "category": "Drinks"},
{"title": "Twinings English Breakfast Tea Bags 10 pack | 20g", "price": "$1.50", "price_calculation": "$0.15 per 1ea", "category": "Drinks"},
{"title": "V Sugarfree  Energy Drink | 250mL", "price": "$2.35", "price_calculation": "$9.40 per 1L", "category": "Drinks"},
{"title": "Ribena Blackcurrant Juice Syrup | 1L", "price": "$7.00", "price_calculation": "$7.00 per 1L", "category": "Drinks"},
{"title": "Mother Black Multipack Cans 4 X 500mL | 4 pack", "price": "$7.40", "price_calculation": "$3.70 per 1L", "category": "Drinks"},
{"title": "Pureau Ultra Pure Water | 10L", "price": "$9.60", "price_calculation": "$0.96 per 1L", "category": "Drinks"},
{"title": "Coles Deli Salads Tub Snack Classic Pasta | 1 each", "price": "$2.00", "price_calculation": "$2.00 per 1ea", "category": "Deli"},
{"title": "Coles Salad Snack Tubs Potato Egg & Bacon | 1 each", "price": "$3.00", "price_calculation": "$3.00 per 1ea", "category": "Deli"},
{"title": "Coles Deli Snack Greek Salad | 1 each", "price": "$3.00", "price_calculation": "$3.00 per 1ea", "category": "Deli"},
{"title": "Coles Finest Deli Express Australian Green Manzanillo With Chilli & Garlic | 120g", "price": "$4.00", "price_calculation": "$33.33 per 1kg", "category": "Deli"},
{"title": "180 Degrees Parmesan Oat Crackers | 135g", "price": "$4.80", "price_calculation": "$3.56 per 100g", "category": "Deli"},
{"title": "Valley Produce Co. Vegetable Flatbread Cheese | 130g", "price": "$4.90", "price_calculation": "$3.77 per 100g", "category": "Deli"},
{"title": "Coles Vegetable Tart | 180g", "price": "$5.00", "price_calculation": "$2.78 per 100g", "category": "Deli"},
{"title": "OB Finest Natural Sour Dough Crispbread | 110g", "price": "$5.50", "price_calculation": "$5.00 per 100g", "category": "Deli"},
{"title": "OB Finest Sour Dough Crispbread Wholemeal | 110g", "price": "$5.50", "price_calculation": "$5.00 per 100g", "category": "Deli"},
{"title": "OB Finest Sour Dough Crispbread Ancient Grains | 110g", "price": "$5.50", "price_calculation": "$5.00 per 100g", "category": "Deli"},
{"title": "Artisan Crackers With Sea Salt Mini | 110g", "price": "$5.50", "price_calculation": "$5.00 per 100g", "category": "Deli"},
{"title": "Mcclure's Sweet & Spicy Pickles | 500g", "price": "$6.00", "price_calculation": "$12.00 per 1kg", "category": "Deli"},
{"title": "Coles Deli Salads Tub Large Classic Pasta | 1 each", "price": "$6.00", "price_calculation": "$6.00 per 1ea", "category": "Deli"},
{"title": "Coles Turkish Delight | 190g", "price": "$6.50", "price_calculation": "$3.42 per 100g", "category": "Deli"},
{"title": "OB Finest Apricot & Macadamia Crackers | 150g", "price": "$6.50", "price_calculation": "$4.33 per 100g", "category": "Deli"},
{"title": "Julianne's Kitchen Apple & Thyme Fruit Paste | 100g", "price": "$7.00", "price_calculation": "$7.00 per 100g", "category": "Deli"},
{"title": "Julianne's Kitchen Pear And Cinnamon Fruit Paste | 100g", "price": "$7.00", "price_calculation": "$7.00 per 100g", "category": "Deli"},
{"title": "Julianne's Kitchen Quince And Orange Paste | 100g", "price": "$7.00", "price_calculation": "$7.00 per 100g", "category": "Deli"},
{"title": "Primo Saveloys | 750g", "price": "$7.40", "price_calculation": "$9.87 per 1kg", "category": "Deli"},
{"title": "Coles Finest Italian Grissini With Black Olive | 200g", "price": "$8.00", "price_calculation": "$4.00 per 100g", "category": "Deli"},
{"title": "Artisan Sour Red Cherries | 90g", "price": "$9.00", "price_calculation": "$100.01 per 1kg", "category": "Deli"},
{"title": "Coles Finest Gorgonzola Dolce Dop | 200g", "price": "$9.00", "price_calculation": "$45.00 per 1kg", "category": "Deli"},
{"title": "Artisan Wild Baby Figs | 150g", "price": "$9.90", "price_calculation": "$66.00 per 1kg", "category": "Deli"},
{"title": "Star Foods Rolada Fig Walnut | 150g", "price": "$10.00", "price_calculation": "$6.67 per 100g", "category": "Deli"},
{"title": "Star Foods Rolada Pistachio Date | 150g", "price": "$10.00", "price_calculation": "$6.67 per 100g", "category": "Deli"},
{"title": "Coles Deli Salad Tubs Jumbo Quinoa Tabouleh Salad | 1 each", "price": "$11.00", "price_calculation": "$11.00 per 1ea", "category": "Deli"},
{"title": "Coles Deli Salad Jumbo Tubs Potato Egg & Bacon | 1 each", "price": "$11.00", "price_calculation": "$11.00 per 1ea", "category": "Deli"},
{"title": "Coles Jumbo Salad Tub Curried Pumpkin Cous Cous Salad | 1 each", "price": "$11.00", "price_calculation": "$11.00 per 1ea", "category": "Deli"},
{"title": "Quaranta Soft Nougat Cakes French Caramel | 165g", "price": "$11.00", "price_calculation": "$6.67 per 100g", "category": "Deli"},
{"title": "Coles Deli Bulk Coleslaw | 1 each", "price": "$12.00", "price_calculation": "$12.00 per 1ea", "category": "Deli"},
{"title": "Honeycomb Berringa Hive & Comb | 200g", "price": "$13.45", "price_calculation": "$6.73 per 100g", "category": "Deli"},
{"title": "Bio-Dynamic Triple Cream Camembert | 280g", "price": "$14.50", "price_calculation": "$51.79 per 1kg", "category": "Deli"},
{"title": "Coles Deli Thawed MSC Cooked Canadian Whole Lobster | 1 each", "price": "$15.00", "price_calculation": "$15.00 per 1ea", "category": "Deli"},
{"title": "Coles Snackers Delight Platter | 1 each", "price": "$15.00", "price_calculation": "$15.00 per 1ea", "category": "Deli"},
{"title": "Ortiz Anchovies | 47.5g", "price": "$16.00", "price_calculation": "$333.33 per 1kg", "category": "Deli"},
{"title": "Le Dauphin Double Creme Cheese | 200g", "price": "$24.00", "price_calculation": "$120.00 per 1kg", "category": "Deli"},
{"title": "Coles Classic Grazing Platter | 1 each", "price": "$25.00", "price_calculation": "$25.00 per 1ea", "category": "Deli"},
{"title": "Coles Deli Thawed Australian Cooked Black Tiger Prawns Jumbo | approx250g", "price": "$9.75", "price_calculation": "$39.00 per 1kg", "category": "Deli"},
{"title": "Coles Deli Thawed Basa Fillet 5Kg | 1 each", "price": "$45.00", "price_calculation": "$9.00 per 1kg", "category": "Deli"},
{"title": "Petuna Deli Fresh Salmon Portions Skin On Tray | 2.5kg", "price": "$82.50", "price_calculation": "$33.00 per 1kg", "category": "Deli"},
{"title": "Coles Deli Frozen Australian Cooked Black Tiger Prawns Extra Large 3Kg | 1 each", "price": "$108.00", "price_calculation": "$36.00 per 1kg", "category": "Deli"},
{"title": "Devondale Light Milk | 2L", "price": "$4.40", "price_calculation": "$2.20 per 1L", "category": "Dairy, Eggs & Fridge"},
{"title": "Coles Australian Shredded Pizza | 250g", "price": "$5.00", "price_calculation": "$20.00 per 1kg", "category": "Dairy, Eggs & Fridge"},
{"title": "Pauls Skinny Milk | 2L", "price": "$5.40", "price_calculation": "$2.70 per 1L", "category": "Dairy, Eggs & Fridge"},
{"title": "Sunny Queen Organic Eggs 12 pack | 700g", "price": "$11.50", "price_calculation": "$1.64 per 100g", "category": "Dairy, Eggs & Fridge"},
{"title": "Primo Prosciutto | 100g", "price": "$7.50", "price_calculation": "$75.00 per 1kg", "category": "Deli"},
{"title": "Dare Triple Espresso Robusta & Arabica Iced Coffee | 500mL", "price": "$2.90", "price_calculation": "$5.80 per 1L", "category": "Dairy, Eggs & Fridge"},
{"title": "Fragassi Basilico Pasta Sauce | 500g", "price": "$8.30", "price_calculation": "$1.66 per 100g", "category": "Deli"},
{"title": "Bega Dairy Tasty Grated Cheese | 500g", "price": "$9.50", "price_calculation": "$19.00 per 1kg", "category": "Dairy, Eggs & Fridge"},
{"title": "Thomson's Deli Ham And Chicken Luncheon | 1kg", "price": "$3.50", "price_calculation": "$3.50 per 1kg", "category": "Deli"},
{"title": "Tamar Valley Kids Greek Strawberry Yoghurt Pouch | 110g", "price": "$2.40", "price_calculation": "$2.18 per 100g", "category": "Dairy, Eggs & Fridge"},
{"title": "Primo Gluten Free Real Diced Bacon | 200g", "price": "$4.80", "price_calculation": "$24.00 per 1kg", "category": "Deli"},
{"title": "Don Footy Franks Skinless | 435g", "price": "$6.90", "price_calculation": "$15.86 per 1kg", "category": "Dairy, Eggs & Fridge"},
{"title": "Coles Original Posh Dogs 4 Pack | 300g", "price": "$6.00", "price_calculation": "$20.00 per 1kg", "category": "Deli"},
{"title": "Devondale Light Milk | 3L", "price": "$5.95", "price_calculation": "$1.98 per 1L", "category": "Dairy, Eggs & Fridge"},
{"title": "Primo Original Twiggy Sticks | 200g", "price": "$6.60", "price_calculation": "$33.00 per 1kg", "category": "Deli"},
{"title": "Tamar Valley Kids Greek Blueberry Yoghurt Pouch | 110g", "price": "$2.40", "price_calculation": "$2.18 per 100g", "category": "Dairy, Eggs & Fridge"},
{"title": "Coles Semi Dried Tomatoes 97% FF | approx 100g", "price": "$2.50", "price_calculation": "$25.00 per 1kg", "category": "Deli"},
{"title": "Big M Double Chocolate Flavoured Milk | 750mL", "price": "$4.30", "price_calculation": "$5.73 per 1L", "category": "Dairy, Eggs & Fridge"},
{"title": "Don Crafted Cuts Grass Fed Roast Beef | 100g", "price": "$4.50", "price_calculation": "$45.00 per 1kg", "category": "Deli"},
{"title": "Gippsland Dairy Boysenberry Twist Yoghurt | 700g", "price": "$5.00", "price_calculation": "$0.71 per 100g", "category": "Dairy, Eggs & Fridge"},
{"title": "Thomson's Deli Pepperoni Salami | 200g", "price": "$5.00", "price_calculation": "$25.00 per 1kg", "category": "Deli"},
{"title": "Coles Apple & Mango Juice | 2L", "price": "$2.80", "price_calculation": "$1.40 per 1L", "category": "Drinks"},
{"title": "Jalna Greek Style Natural Yoghurt | 1kg", "price": "$8.30", "price_calculation": "$0.83 per 100g", "category": "Dairy, Eggs & Fridge"},
{"title": "Deli Express Ivans Spinach Sundried Tomato & Feta Quiche | 180g", "price": "$5.40", "price_calculation": "$3.00 per 100g", "category": "Deli"},
{"title": "Liddells Lactose Free 99% Low Fat Milk | 1L", "price": "$3.00", "price_calculation": "$3.00 per 1L", "category": "Drinks"},
{"title": "Bulla Aussie Style Yoghurt Strawberry | 160g", "price": "$2.40", "price_calculation": "$1.50 per 100g", "category": "Dairy, Eggs & Fridge"},
{"title": "Coles Free Range Chicken Breast Carved Roast | 200g", "price": "$6.50", "price_calculation": "$32.50 per 1kg", "category": "Deli"},
{"title": "Dilmah Pure Ceylon Extra Strength Tea Bags 100 pack | 240g", "price": "$5.25", "price_calculation": "$0.05 per 1ea", "category": "Drinks"},
{"title": "Don English Style Sliced Ham | 200g", "price": "$3.20", "price_calculation": "$16.00 per 1kg", "category": "Dairy, Eggs & Fridge"},
{"title": "Coles Mild Salami | 200g", "price": "$6.90", "price_calculation": "$34.50 per 1kg", "category": "Deli"},
{"title": "Schweppes Mineral Water Orange Mango | 1.1L", "price": "$1.50", "price_calculation": "$1.36 per 1L", "category": "Drinks"},
{"title": "Farmers Union Greek Style Vanilla Yoghurt | 950g", "price": "$6.00", "price_calculation": "$0.63 per 100g", "category": "Dairy, Eggs & Fridge"},
{"title": "Provedore Italian Style Charcuterie | 150g", "price": "$12.00", "price_calculation": "$80.01 per 1kg", "category": "Deli"},
{"title": "Schweppes Soft Drink Brown Cream Soda | 1.1L", "price": "$1.50", "price_calculation": "$1.36 per 1L", "category": "Drinks"},
{"title": "Mainland Butter Soft Salt Reduced Spreadable Butter | 375g", "price": "$7.50", "price_calculation": "$2.00 per 100g", "category": "Dairy, Eggs & Fridge"},
{"title": "Coles Deli  Semi Dried Tomatoes with Fresh Basil | approx 100g", "price": "$2.80", "price_calculation": "$28.00 per 1kg", "category": "Deli"},
{"title": "Devondale Skim Long Life Milk | 1L", "price": "$2.20", "price_calculation": "$2.20 per 1L", "category": "Drinks"},
{"title": "Great Ocean Road Fresh Full Cream Milk | 1L", "price": "$2.90", "price_calculation": "$2.90 per 1L", "category": "Dairy, Eggs & Fridge"},
{"title": "Primo Chilli Coated Salami  | approx 100g", "price": "$3.30", "price_calculation": "$33.00 per 1kg", "category": "Deli"},
{"title": "V Green Energy Drink Can | 500mL", "price": "$3.35", "price_calculation": "$6.70 per 1L", "category": "Drinks"},
{"title": "Yoplait Vanilla Yoghurt | 1kg", "price": "$4.50", "price_calculation": "$0.45 per 100g", "category": "Dairy, Eggs & Fridge"},
{"title": "Don Crafted Cuts Hardwood Double Smoked Leg Ham | 100g", "price": "$4.50", "price_calculation": "$45.00 per 1kg", "category": "Deli"},
{"title": "Rokeby Farms Smoothie Dutch Chocolate | 425mL", "price": "$4.50", "price_calculation": "$10.59 per 1L", "category": "Drinks"},
{"title": "Myrtle Creek Cage Free Extra Large Eggs 12 Pack | 700g", "price": "$4.95", "price_calculation": "$0.71 per 100g", "category": "Dairy, Eggs & Fridge"},
{"title": "Primo Short Cut Salt Reduced Rindless Bacon | 200g", "price": "$5.00", "price_calculation": "$25.00 per 1kg", "category": "Deli"},
{"title": "Coles Pulp Free Orange Juice Chilled | 2L", "price": "$5.50", "price_calculation": "$2.75 per 1L", "category": "Drinks"},
{"title": "Coles Dairy Cheese Tasty | 1kg", "price": "$14.00", "price_calculation": "$14.00 per 1kg", "category": "Dairy, Eggs & Fridge"},
{"title": "Primo Gluten Free Classic Kransky | 250g", "price": "$5.40", "price_calculation": "$21.60 per 1kg", "category": "Deli"},
{"title": "Schweppes Mixers Soda Water | 1.1L", "price": "$1.50", "price_calculation": "$1.36 per 1L", "category": "Drinks"},
{"title": "Sanitarium So Good Chilled Regular Soy Milk | 1L", "price": "$2.30", "price_calculation": "$2.30 per 1L", "category": "Dairy, Eggs & Fridge"},
{"title": "Royal International Tidbit Jamon Serrano | 80g", "price": "$5.80", "price_calculation": "$72.50 per 1kg", "category": "Deli"},
{"title": "Pepsi Lemon Soft Drink Bottle | 1.25L", "price": "$1.70", "price_calculation": "$1.36 per 1L", "category": "Drinks"},
{"title": "Danone YoPro Pouch Mixed Berries | 150g", "price": "$3.00", "price_calculation": "$2.00 per 100g", "category": "Dairy, Eggs & Fridge"},
{"title": "Coles Deli RSPCA Approved Chicken Tenderloins Thai | approx 180g", "price": "$2.97", "price_calculation": "$16.50 per 1kg", "category": "Deli"},
{"title": "Coles Organic Unsweetened Oat Milk | 1L", "price": "$2.25", "price_calculation": "$2.25 per 1L", "category": "Drinks"},
{"title": "Wonder White Bread + Vitamins & Mineral | 700g", "price": "$4.40", "price_calculation": "$0.63 per 100g", "category": "Dairy, Eggs & Fridge"},
{"title": "Coles Deli Thawed Squid Tubes | approx 250g", "price": "$4.50", "price_calculation": "$18.00 per 1kg", "category": "Deli"},
{"title": "Gatorade Orange Ice Sports Drink | 600mL", "price": "$3.85", "price_calculation": "$6.42 per 1L", "category": "Drinks"},
{"title": "Dare Double Espresso Iced Coffee Flavoured Milk | 500mL", "price": "$2.90", "price_calculation": "$5.80 per 1L", "category": "Dairy, Eggs & Fridge"},
{"title": "Primo Cafe Classics Sliced Chicken Schnitzel | 150g", "price": "$5.00", "price_calculation": "$33.34 per 1kg", "category": "Deli"},
{"title": "Monster Energy Can Drink Ultra Gold | 500mL", "price": "$2.55", "price_calculation": "$5.10 per 1L", "category": "Drinks"},
{"title": "A2 Lactose Free Full Cream Milk | 1L", "price": "$3.90", "price_calculation": "$3.90 per 1L", "category": "Dairy, Eggs & Fridge"},
{"title": "Primo The Charcuterie Collection Beechwood Smoked Proscuitto | 80g", "price": "$6.00", "price_calculation": "$75.00 per 1kg", "category": "Deli"},
{"title": "V Energy Drink Blue Can | 500mL", "price": "$3.35", "price_calculation": "$6.70 per 1L", "category": "Drinks"},
{"title": "Perfect Italiano Extra Sharp Parmesan | 200g", "price": "$7.00", "price_calculation": "$35.00 per 1kg", "category": "Dairy, Eggs & Fridge"},
{"title": "Coles Free Range Chicken Breast Carved Roast Lemon Pepper & Herb | 200g", "price": "$6.50", "price_calculation": "$32.50 per 1kg", "category": "Deli"},
{"title": "Coles Soft Drink Diet Raspberry | 1.25L", "price": "$0.90", "price_calculation": "$0.72 per 1L", "category": "Drinks"},
{"title": "Coles Tasty Light Cheese Slices 24 Pack | 500g", "price": "$8.60", "price_calculation": "$17.20 per 1kg", "category": "Dairy, Eggs & Fridge"},
{"title": "Coles Spicy Chorizo Salami Knob | 200g", "price": "$6.90", "price_calculation": "$34.50 per 1kg", "category": "Deli"},
{"title": "Rokeby Farms Chocolate Honeycomb Protein Smoothie | 425mL", "price": "$4.50", "price_calculation": "$10.59 per 1L", "category": "Drinks"},
{"title": "Coles Grated Parmesan Cheese | 100g", "price": "$2.00", "price_calculation": "$20.00 per 1kg", "category": "Dairy, Eggs & Fridge"},
{"title": "D'Orsogna Cacciatora Mild | 225g", "price": "$7.20", "price_calculation": "$32.00 per 1kg", "category": "Deli"},
{"title": "Twinings Pure Peppermint Infusions Tea Bags | 160g", "price": "$13.50", "price_calculation": "$0.17 per 1ea", "category": "Drinks"},
{"title": "Don Double Smoked Leg Ham | 200g", "price": "$3.20", "price_calculation": "$16.00 per 1kg", "category": "Dairy, Eggs & Fridge"},
{"title": "Royal International Prosciutto Di Parma 16month | 100g", "price": "$8.50", "price_calculation": "$8.50 per 100g", "category": "Deli"},
{"title": "Coles Lemon Flavoured Drink | 1.25L", "price": "$0.90", "price_calculation": "$0.72 per 1L", "category": "Drinks"},
{"title": "Chobani Flip Cookies & Cream Crunch Yoghurt | 140g", "price": "$3.50", "price_calculation": "$2.50 per 100g", "category": "Dairy, Eggs & Fridge"},
{"title": "Bertocchi Olive Mortadella | approx 100g", "price": "$1.40", "price_calculation": "$14.00 per 1kg", "category": "Deli"},
{"title": "Lipton English Breakfast Black Tea Bags | 100 pack", "price": "$2.90", "price_calculation": "$0.03 per 1ea", "category": "Drinks"},
{"title": "Pura Thick Cream | 300mL", "price": "$3.80", "price_calculation": "$1.27 per 100mL", "category": "Dairy, Eggs & Fridge"},
{"title": "Ivans Family Chunky Angus Pie 900g | 900g", "price": "$17.00", "price_calculation": "$1.89 per 100g", "category": "Deli"},
{"title": "Coles Pineapple Drink | 1.25L", "price": "$0.90", "price_calculation": "$0.72 per 1L", "category": "Drinks"},
{"title": "Rokeby Farms Protein Smoothie Vanilla Wafer | 425mL", "price": "$4.50", "price_calculation": "$10.59 per 1L", "category": "Dairy, Eggs & Fridge"},
{"title": "Ivans Family Chick Mush Leek Pie 900g | 900g", "price": "$17.00", "price_calculation": "$1.89 per 100g", "category": "Deli"},
{"title": "Schweppes Mixers Dry Ginger Ale | 1.1L", "price": "$1.50", "price_calculation": "$1.36 per 1L", "category": "Drinks"},
{"title": "Gippsland Dairy Mango & Blood Orange Twist Yoghurt | 700g", "price": "$5.00", "price_calculation": "$0.71 per 100g", "category": "Dairy, Eggs & Fridge"},
{"title": "Coles Deli Express Primo Speck | approx300g", "price": "$8.70", "price_calculation": "$29.00 per 1kg", "category": "Deli"},
{"title": "Schweppes Mixers Lemon Lime & Bitter No Sugar | 1.1L", "price": "$1.50", "price_calculation": "$1.36 per 1L", "category": "Drinks"},
{"title": "Western Star Original Spreadable Butter Blend | 375g", "price": "$5.50", "price_calculation": "$1.47 per 100g", "category": "Dairy, Eggs & Fridge"},
{"title": "Coles Pancetta | approx100g", "price": "$3.80", "price_calculation": "$38.00 per 1kg", "category": "Deli"},
{"title": "Coles Organic Soy Milk | 1L", "price": "$1.60", "price_calculation": "$1.60 per 1L", "category": "Drinks"},
{"title": "Danone Yopro Vanilla Yoghurt | 700g", "price": "$7.50", "price_calculation": "$1.07 per 100g", "category": "Dairy, Eggs & Fridge"},
{"title": "Auricchio Grana Padano Grated Cheese | approx100g", "price": "$4.70", "price_calculation": "$47.00 per 1kg", "category": "Deli"},
{"title": "Powerade Mountain Blast Zero Sports Drink Sipper Cap | 600mL", "price": "$2.30", "price_calculation": "$3.83 per 1L", "category": "Drinks"},
{"title": "Dairy Farmers Thick & Creamy Strawberry Yoghurt | 150g", "price": "$2.50", "price_calculation": "$1.67 per 100g", "category": "Dairy, Eggs & Fridge"},
{"title": "Mavella Superfoods Brain Boost Smoothie | 100g", "price": "$25.00", "price_calculation": "$25.00 per 100g", "category": "Pantry"},
{"title": "Coles Thawed Half Shell Scallops Large | 1 each", "price": "$2.40", "price_calculation": "$2.40 per 1ea", "category": "Deli"},
{"title": "Monster Pipeline Punch Can | 500mL", "price": "$2.55", "price_calculation": "$5.10 per 1L", "category": "Drinks"},
{"title": "Liddells Lactose Free Full Cream Milk | 1L", "price": "$3.00", "price_calculation": "$3.00 per 1L", "category": "Dairy, Eggs & Fridge"},
{"title": "Mavella Superfoods All Things Blue (Blue Spirulina+Butterfly Pea + Blueberry) | 100g", "price": "$25.00", "price_calculation": "$25.00 per 100g", "category": "Pantry"},
{"title": "Coles Deli RSPCA Approved Chicken Nibbles Chilli Sriracha | approx 500g", "price": "$3.75", "price_calculation": "$7.50 per 1kg", "category": "Deli"},
{"title": "Coca-Cola Vanilla Soft Drink Bottle | 600mL", "price": "$3.20", "price_calculation": "$5.33 per 1L", "category": "Drinks"},
{"title": "Yoplait Zero French Vanilla Yoghurt | 1kg", "price": "$4.50", "price_calculation": "$0.45 per 100g", "category": "Dairy, Eggs & Fridge"},
{"title": "Bsc Bodyscience Pre-workout Powder Coffee | 150g", "price": null, "price_calculation": null, "category": "Pantry"},
{"title": "British Sausage Co. Smoked Streaky Bacon | 175g", "price": "$5.60", "price_calculation": "$32.00 per 1ea", "category": "Deli"},
{"title": "V Energy Refresh Drink Pineapple Watermelon Can | 250mL", "price": "$2.35", "price_calculation": "$9.40 per 1L", "category": "Drinks"},
{"title": "Dare Double Espresso Robusta & Arabica Iced Coffee | 750mL", "price": "$4.80", "price_calculation": "$6.40 per 1L", "category": "Dairy, Eggs & Fridge"},
{"title": "Lavazza Tales Of Italy Alluring Napoli Premium Coffee Beans | 500g", "price": null, "price_calculation": null, "category": "Pantry"},
{"title": "Thomson's Deli Shredded Chicken Value Pack | 500g", "price": "$7.50", "price_calculation": "$15.00 per 1kg", "category": "Deli"},
{"title": "Pepsi Cola Soft Drink | 2L", "price": "$3.00", "price_calculation": "$1.50 per 1L", "category": "Drinks"},
{"title": "Farmers Union Light Greek Style Natural Yoghurt | 1kg", "price": "$6.00", "price_calculation": "$0.60 per 100g", "category": "Dairy, Eggs & Fridge"},
{"title": "Lavazza Tales Of Italy Eternal Roma Premium Coffee Beans | 500g", "price": null, "price_calculation": null, "category": "Pantry"},
{"title": "Meredith Dairy Marinated Goat Cheese | 320g", "price": "$13.00", "price_calculation": "$40.63 per 1kg", "category": "Deli"},
{"title": "Dilmah Pure Ceylon Premium Tea Bags 100 pack | 200g", "price": "$4.10", "price_calculation": "$0.04 per 1ea", "category": "Drinks"},
{"title": "Perfect Italiano Dairy Cheese Grated Mozzarella:Mozzarella | 450g", "price": "$9.00", "price_calculation": "$20.00 per 1kg", "category": "Dairy, Eggs & Fridge"},
{"title": "Nature's Way Protein Figure Vanilla Powder | 400g", "price": "$26.00", "price_calculation": "$6.50 per 100g", "category": "Pantry"},
{"title": "Lilydale Lemon Pepper Roast Chicken | approx 100g", "price": "$2.85", "price_calculation": "$28.50 per 1kg", "category": "Deli"},
{"title": "Grapetiser Sparkling Red Grape Juice Bottle | 750mL", "price": "$4.65", "price_calculation": "$6.20 per 1L", "category": "Drinks"},
{"title": "Dairy Farmers Buttermilk | 600mL", "price": "$3.05", "price_calculation": "$5.08 per 1L", "category": "Dairy, Eggs & Fridge"},
{"title": "Morlife Certified Organic Camu Camu Powder | 100g", "price": "$27.00", "price_calculation": "$27.00 per 100g", "category": "Pantry"},
{"title": "Fromager D'Affinois St Angel Triple Cream | approx 100g", "price": "$7.50", "price_calculation": "$75.00 per 1kg", "category": "Deli"},
{"title": "Coles Passionfruit Soft Drink | 1.25L", "price": "$0.90", "price_calculation": "$0.72 per 1L", "category": "Drinks"},
{"title": "Thomson's Deli Short Cut Bacon | 200g", "price": "$3.80", "price_calculation": "$19.00 per 1kg", "category": "Dairy, Eggs & Fridge"},
{"title": "Morlife Complete Gut Restore Tropical Mango Powder | 100g", "price": "$27.50", "price_calculation": "$27.50 per 100g", "category": "Pantry"},
{"title": "Don Lunchbox Sticks | 140g", "price": "$4.00", "price_calculation": "$28.57 per 1kg", "category": "Deli"},
{"title": "Maximus Grape Sports Drink | 1L", "price": "$2.50", "price_calculation": "$2.50 per 1L", "category": "Drinks"},
{"title": "Coles Dairy Yoghurt Vanilla | 1kg", "price": "$4.00", "price_calculation": "$0.40 per 100g", "category": "Dairy, Eggs & Fridge"},
{"title": "Laucke White Crusty Calico Bag Bread Mix | 10kg", "price": "$27.60", "price_calculation": "$2.76 per 1kg", "category": "Pantry"},
{"title": "Coles Deli Thawed Prawn Skewers Garlic | 5 pack", "price": "$6.25", "price_calculation": "$1.25 per 1ea", "category": "Deli"},
{"title": "Sanitarium So Good Long Life No Added Sugar Oat Milk | 1L", "price": "$2.80", "price_calculation": "$2.80 per 1L", "category": "Drinks"},
{"title": "Cellucor C4 Sport Watermelon | 285g", "price": "$28.00", "price_calculation": "$9.82 per 100g", "category": "Pantry"},
{"title": "Provedore Bresaola Italian Style | 80g", "price": "$6.50", "price_calculation": "$81.25 per 1kg", "category": "Deli"},
{"title": "Mother Original Energy Drink Can | 500mL", "price": "$2.85", "price_calculation": "$5.70 per 1L", "category": "Drinks"},
{"title": "BSC Essential Amino Bcaa Fuel Super Berry | 270g", "price": "$28.00", "price_calculation": "$10.37 per 100g", "category": "Pantry"},
{"title": "Coles Deli Express Sliced Prosciutto | 100g", "price": "$7.00", "price_calculation": "$70.00 per 1kg", "category": "Deli"},
{"title": "Lipton Ice Tea Drink Peach No Sugar | 1.5L", "price": "$2.90", "price_calculation": "$1.93 per 1L", "category": "Drinks"},
{"title": "BSC Bodyscience Collagen Regenerate Natural | 153g", "price": "$28.00", "price_calculation": "$18.30 per 100g", "category": "Pantry"},
{"title": "Primo Mount Ash Pansize Bacon | approx 125g", "price": "$2.25", "price_calculation": "$18.00 per 1kg", "category": "Deli"},
{"title": "G Active Berry Flavoured Electrolyte Water | 600mL", "price": "$3.85", "price_calculation": "$6.42 per 1L", "category": "Drinks"},
{"title": "Macro Mike Premium Almond Protein Vanilla Buttercream | 240g", "price": "$28.00", "price_calculation": "$11.67 per 100g", "category": "Pantry"},
{"title": "Coles Deli Fresh Tasmanian Salmon Portions Chilli & Lime | approx 250g", "price": "$9.00", "price_calculation": "$36.00 per 1kg", "category": "Deli"},
{"title": "Twinings Pure Green Tea Bags 100 pack | 150g", "price": "$13.50", "price_calculation": "$0.14 per 1ea", "category": "Drinks"},
{"title": "Macro Mike Protein Pudding Choc Peanut Butter Truffle | 240g", "price": null, "price_calculation": null, "category": "Pantry"},
{"title": "Coles Pitted Kalamata Olives With Balsamic Vinegar | approx 100g", "price": "$2.00", "price_calculation": "$20.00 per 1kg", "category": "Deli"},
{"title": "Coles Soda Water | 2L", "price": "$1.25", "price_calculation": "$0.63 per 1L", "category": "Drinks"},
{"title": "Muscle Nation Aminos Raspberry | 180g", "price": null, "price_calculation": null, "category": "Pantry"},
{"title": "Pureharvest Organic Malt Free Long Life Soy Drink | 1L", "price": "$2.00", "price_calculation": "$2.00 per 1L", "category": "Drinks"},
{"title": "Nature's Way Instant Natural Protein hair Skin & Nails + Collagen | 400g", "price": "$33.00", "price_calculation": "$8.25 per 100g", "category": "Pantry"},
{"title": "Powerade ION4 Gold Rush Sports Drink Sipper Cap | 600mL", "price": "$2.30", "price_calculation": "$3.83 per 1L", "category": "Drinks"},
{"title": "Cadbury Favourites Game Tin | 600g", "price": null, "price_calculation": null, "category": "Pantry"},
{"title": "Golden Circle Pineapple Juice Sweetened Fruit Juice Pineapples | 1L", "price": "$2.60", "price_calculation": "$2.60 per 1L", "category": "Drinks"},
{"title": "St Ali Italo Disco Coffee Beans | 500g", "price": null, "price_calculation": null, "category": "Pantry"},
{"title": "Coles Sweet Chilli Chicken Tenders | 1kg", "price": "$11.50", "price_calculation": "$11.50 per 1kg", "category": "Frozen"},
{"title": "Muscle Nation Whey Protein Daily Shake Salted Caramel | 300g", "price": "$35.00", "price_calculation": "$11.67 per 100g", "category": "Pantry"},
{"title": "McCain Frozen Peas Corn & Carrots | 500g", "price": "$4.00", "price_calculation": "$8.00 per 1kg", "category": "Frozen"},
{"title": "Muscle Nation Protein Water Mango Passionfruit | 300g", "price": null, "price_calculation": null, "category": "Pantry"},
{"title": "Coles Frozen Convenience Meal Spaghetti Bolognese | 375g", "price": "$4.00", "price_calculation": "$1.07 per 100g", "category": "Frozen"},
{"title": "Muscle Nation Protein Water Kiwi Strawberry | 300g", "price": null, "price_calculation": null, "category": "Pantry"},
{"title": "Coles Fruit Apple Pie Snack 4 pack | 500g", "price": "$3.60", "price_calculation": "$0.72 per 100g", "category": "Frozen"},
{"title": "Muscle Nation Custard Casein Protein Powder Vanilla | 400g", "price": null, "price_calculation": null, "category": "Pantry"},
{"title": "Coles Tempura Chicken Nuggets | 400g", "price": "$4.40", "price_calculation": "$11.00 per 1kg", "category": "Frozen"},
{"title": "Muscle Nation Custard Plant Protein Powder Double Chocolate | 400g", "price": null, "price_calculation": null, "category": "Pantry"},
{"title": "Birds Eye Frozen Stir Fry Thai Vegetables | 500g", "price": "$4.50", "price_calculation": "$9.00 per 1kg", "category": "Frozen"},
{"title": "Muscle Nation Custard Casein Protein Powder Golden Ice Cream | 400g", "price": null, "price_calculation": null, "category": "Pantry"},
{"title": "McCain Frozen Onion Rings | 500g", "price": "$5.00", "price_calculation": "$10.00 per 1kg", "category": "Frozen"},
{"title": "Muscle Nation Custard Plant Protein Powder Salted Caramel | 400g", "price": null, "price_calculation": null, "category": "Pantry"},
{"title": "Connoisseur Ice Cream Cookies & Cream | 1L", "price": "$9.00", "price_calculation": "$0.90 per 100mL", "category": "Frozen"},
{"title": "Muscle Nation Plant Protein Water Powder Raspberry | 250g", "price": null, "price_calculation": null, "category": "Pantry"},
{"title": "Connoisseur Ice Cream Choc Chip Cookie | 1L", "price": "$9.00", "price_calculation": "$0.90 per 100mL", "category": "Frozen"},
{"title": "Jed's No.3 Strong Coffee Beans | 1kg", "price": null, "price_calculation": null, "category": "Pantry"},
{"title": "Coles Frozen Tiramisu | 500g", "price": "$4.00", "price_calculation": "$0.80 per 100g", "category": "Frozen"},
{"title": "Jed's No.5 Extra Strong Coffee Beans | 1kg", "price": null, "price_calculation": null, "category": "Pantry"},
{"title": "Inghams Sweet Chilli Tenders | 400g", "price": "$5.50", "price_calculation": "$13.75 per 1kg", "category": "Frozen"},
{"title": "Jed's No.X Extreme Coffee Beans | 1kg", "price": null, "price_calculation": null, "category": "Pantry"},
{"title": "Birds Eye Frozen Deli New Zealand Whiting Crisp Light Batter Fillets 5 Pack | 250g", "price": "$10.00", "price_calculation": "$40.00 per 1kg", "category": "Frozen"},
{"title": "Dose & Co. Pure Collagen Powder Unflavoured | 200g", "price": "$40.00", "price_calculation": "$20.00 per 100g", "category": "Pantry"},
{"title": "Steggles Frozen Crumbed Chicken Nuggets | 1kg", "price": "$13.70", "price_calculation": "$13.70 per 1kg", "category": "Frozen"},
{"title": "Vital Strength Sport Performance Protein Powder Chocolate | 630g", "price": null, "price_calculation": null, "category": "Pantry"},
{"title": "Borg's Triangles Spinach Cheese | 360g", "price": "$3.50", "price_calculation": "$0.97 per 100g", "category": "Frozen"},
{"title": "Lavazza Espresso Barista Organic Coffee Beans | 1kg", "price": null, "price_calculation": null, "category": "Pantry"},
{"title": "Sara Lee Frozen Custard Danish  | 400g", "price": "$4.00", "price_calculation": "$1.00 per 100g", "category": "Frozen"},
{"title": "Celebrity Slim 7 Day Variety 14 Pack | 1 each", "price": "$45.00", "price_calculation": "$3.21 per 1ea", "category": "Pantry"},
{"title": "Hanabi Frozen Surimi Fish Balls | 500g", "price": "$5.30", "price_calculation": "$10.60 per 1kg", "category": "Frozen"},
{"title": "Muscle Nation Destiny Raspberry | 150g", "price": null, "price_calculation": null, "category": "Pantry"},
{"title": "Birds Eye Snap Frozen Carrot Peas & Corn | 1 kg", "price": "$6.50", "price_calculation": "$6.50 per 1kg", "category": "Frozen"},
{"title": "Muscle Nation Legacy Sport Mango Passion Passionfruit | 225g", "price": null, "price_calculation": null, "category": "Pantry"},
{"title": "Peters Original Twin Pole Blue Rasp Spider 8 Pack | 592mL", "price": "$8.00", "price_calculation": "$1.35 per 100mL", "category": "Frozen"},
{"title": "Dose & Co. Collagen Protein Powder Creamy Vanilla | 420g", "price": "$46.00", "price_calculation": "$10.95 per 100g", "category": "Pantry"},
{"title": "Birds Eye Frozen Southern Blue Whiting Fish Fillets 6 Pack | 425g", "price": "$11.00", "price_calculation": "$25.88 per 1kg", "category": "Frozen"},
{"title": "Dose & Co. Dairy Free Creamer Vanilla | 340g", "price": "$48.30", "price_calculation": "$14.21 per 100g", "category": "Pantry"},
{"title": "McCain Frozen Peas | 500g", "price": "$3.30", "price_calculation": "$6.60 per 1kg", "category": "Frozen"},
{"title": "Dose & Co. Marine Collagen Powder Unflavoured | 200g", "price": "$52.00", "price_calculation": "$26.00 per 100g", "category": "Pantry"},
{"title": "Coles Chicken Fettuccine Carbonara | 375g", "price": "$4.00", "price_calculation": "$1.07 per 100g", "category": "Frozen"},
{"title": "Dose & Co Beauty Collagen Mixed Berry | 200g", "price": "$52.00", "price_calculation": "$26.00 per 100g", "category": "Pantry"},
{"title": "Birds Eye Frozen Peas Baby Whole | 500g", "price": "$4.00", "price_calculation": "$8.00 per 1kg", "category": "Frozen"},
{"title": "Rapid Loss High Protein Meal Replacement Vanilla | 672g", "price": "$55.00", "price_calculation": "$8.18 per 100g", "category": "Pantry"},
{"title": "Birds Eye Steam Fresh Vegetables Value Carrot Broccoli & Corn | 750g", "price": "$5.50", "price_calculation": "$7.33 per 1kg", "category": "Frozen"},
{"title": "Big M Strawberry Flavoured Milk | 2L", "price": "$5.00", "price_calculation": "$2.50 per 1L", "category": "Dairy, Eggs & Fridge"},
{"title": "Bsc Bodyscience High Protein Powder Chocolate | 800g", "price": null, "price_calculation": null, "category": "Pantry"},
{"title": "Steggles Frozen Sweet Chilli Chicken Breast Tenders | 400g", "price": "$6.00", "price_calculation": "$15.00 per 1kg", "category": "Frozen"},
{"title": "Sunny Queen Free Range Big Brekkie Browns Eggs 12 pack | 820g", "price": "$8.60", "price_calculation": "$1.05 per 100g", "category": "Dairy, Eggs & Fridge"},
{"title": "Bsc Bodyscience Shred Protein Powder Vanilla | 800g", "price": null, "price_calculation": null, "category": "Pantry"},
{"title": "Birds Eye Deli Golden Ale Chips | 600g", "price": "$6.00", "price_calculation": "$10.00 per 1kg", "category": "Frozen"},
{"title": "Coles Cream Cheese Spread Original | 250g", "price": "$3.10", "price_calculation": "$12.40 per 1kg", "category": "Dairy, Eggs & Fridge"},
{"title": "BSC Bodyscience Perform & Recover Protein Powder Chocolate | 900g", "price": null, "price_calculation": null, "category": "Pantry"},
{"title": "Dr. Oetker Frozen Ristorante Quattro Formaggi Pizza | 340g", "price": "$6.30", "price_calculation": "$1.85 per 100g", "category": "Frozen"},
{"title": "Coles English Sliced Ham | 100g", "price": "$2.30", "price_calculation": "$23.00 per 1kg", "category": "Dairy, Eggs & Fridge"},
{"title": "Musashi Plant Protein Plant Protein Powder Vanilla Flavour | 900g", "price": null, "price_calculation": null, "category": "Pantry"},
{"title": "Ben & Jerry's Ice Cream Swich Up | 458mL", "price": "$7.25", "price_calculation": "$1.58 per 100mL", "category": "Frozen"},
{"title": "Nuttelex Buttery Spread | 500g", "price": "$5.20", "price_calculation": "$1.04 per 100g", "category": "Dairy, Eggs & Fridge"},
{"title": "Medjool Dates Medjol Date 5kg Gift Box | 1 each", "price": "$80.00", "price_calculation": "$16.00 per 1kg", "category": "Pantry"},
{"title": "Steggles Frozen Chicken Breast Goujons | 1kg", "price": "$11.00", "price_calculation": "$11.00 per 1kg", "category": "Frozen"},
{"title": "Primo Short Cut Bacon | 1 kg", "price": "$18.90", "price_calculation": "$18.90 per 1kg", "category": "Dairy, Eggs & Fridge"},
{"title": "L'OR Sublime Barsta Capsule Machine | 1 each", "price": "$99.00", "price_calculation": "$99.00 per 1ea", "category": "Pantry"},
{"title": "KB Frozen Prawn Hargow | 750g", "price": "$13.60", "price_calculation": "$1.81 per 100g", "category": "Frozen"},
{"title": "Josh's Rainbow Free Range Eggs 18 Pack | 900g", "price": "$10.00", "price_calculation": "$1.11 per 100g", "category": "Dairy, Eggs & Fridge"},
{"title": "Birds Eye Snap Frozen Peas Corn Capsicum | 500g", "price": "$4.00", "price_calculation": "$8.00 per 1kg", "category": "Frozen"},
{"title": "Don Leg Shaved Ham | 200g", "price": "$3.20", "price_calculation": "$16.00 per 1kg", "category": "Dairy, Eggs & Fridge"},
{"title": "Bulla Splits Summer Splits 10 Pack | 750mL", "price": "$4.00", "price_calculation": "$0.53 per 100mL", "category": "Frozen"},
{"title": "Coles Dairy Cheese Fetta Aust Style | 200g", "price": "$3.50", "price_calculation": "$17.50 per 1kg", "category": "Dairy, Eggs & Fridge"},
{"title": "McCain Pub Style Fries | 750g", "price": "$4.80", "price_calculation": "$6.40 per 1kg", "category": "Frozen"},
{"title": "Pace Farm Natural Living Free Range Large Eggs 12 pack | 600g", "price": "$6.90", "price_calculation": "$1.15 per 100g", "category": "Dairy, Eggs & Fridge"},
{"title": "Hanabi Frozen Surimi Fried Fish Balls | 500g", "price": "$5.30", "price_calculation": "$10.60 per 1kg", "category": "Frozen"},
{"title": "Farmers Union Regular Greek Yoghurt 4 pack | 640g", "price": "$5.50", "price_calculation": "$0.86 per 100g", "category": "Dairy, Eggs & Fridge"},
{"title": "Yo Chi Frozen Wild Berry Yoghurt | 500mL", "price": "$5.50", "price_calculation": "$1.10 per 100mL", "category": "Frozen"},
{"title": "Western Star Reduced Salt Spreadable Butter Blend | 500g", "price": "$6.00", "price_calculation": "$1.20 per 100g", "category": "Dairy, Eggs & Fridge"},
{"title": "Yo Chi Frozen Natural Yoghurt | 500mL", "price": "$5.50", "price_calculation": "$1.10 per 100mL", "category": "Frozen"},
{"title": "The Complete Dairy High Protein Light Milk | 1L", "price": "$3.50", "price_calculation": "$3.50 per 1L", "category": "Dairy, Eggs & Fridge"},
{"title": "Coles Sweet Potato Crinkle Cut Fries | 750g", "price": "$6.00", "price_calculation": "$8.00 per 1kg", "category": "Frozen"},
{"title": "Pauls Zymil Full Cream Long Life Milk | 1L", "price": "$3.00", "price_calculation": "$3.00 per 1L", "category": "Dairy, Eggs & Fridge"},
{"title": "Borgs Extra Puff Pastry Sheet | 1.6kg", "price": "$7.00", "price_calculation": "$0.44 per 100g", "category": "Frozen"},
{"title": "Coles Dairy Cheese Fetta Danish Style | 200g", "price": "$3.50", "price_calculation": "$17.50 per 1kg", "category": "Dairy, Eggs & Fridge"},
{"title": "Coles Frozen Party Sausage Rolls 24 Pack | 900g", "price": "$7.50", "price_calculation": "$0.83 per 100g", "category": "Frozen"},
{"title": "La Famiglia Garlic Bread | 400g", "price": "$4.50", "price_calculation": "$1.13 per 100g", "category": "Dairy, Eggs & Fridge"},
{"title": "Coles Meals Satay Chicken | 375g", "price": "$4.00", "price_calculation": "$1.07 per 100g", "category": "Frozen"},
{"title": "Coles Butter Pat | 500g", "price": "$6.90", "price_calculation": "$1.38 per 100g", "category": "Dairy, Eggs & Fridge"},
{"title": "Bulla Ice Cream Choc Bars Vanilla 8Pack | 600mL", "price": "$4.00", "price_calculation": "$0.67 per 100mL", "category": "Frozen"},
{"title": "Bega Tasty Natural Cheese Slices 15 pack | 250g", "price": "$7.00", "price_calculation": "$28.00 per 1kg", "category": "Dairy, Eggs & Fridge"},
{"title": "Bulla Creamy Classics Neapolitan Cone 4 Pack | 520mL", "price": "$7.00", "price_calculation": "$1.35 per 100mL", "category": "Frozen"},
{"title": "Pace Farm Liberty Cage Free Eggs 15 Pack | 885g", "price": "$7.60", "price_calculation": "$0.86 per 100g", "category": "Dairy, Eggs & Fridge"},
{"title": "Peters Drumstick Minis Super Choc & Caramel Nut Ice Cream 6 pack | 480mL", "price": "$9.50", "price_calculation": "$1.98 per 100mL", "category": "Frozen"},
{"title": "Coles Squeezie Strawberry Yoghurt Pouch | 70g", "price": "$0.75", "price_calculation": "$1.07 per 100g", "category": "Dairy, Eggs & Fridge"},
{"title": "Steggles Frozen Chicken Dino Snacks | 1kg", "price": "$11.00", "price_calculation": "$11.00 per 1kg", "category": "Frozen"},
{"title": "Dare Double Espresso Flavoured Milk | 500mL", "price": "$2.90", "price_calculation": "$5.80 per 1L", "category": "Dairy, Eggs & Fridge"},
{"title": "Four N Twenty Angus Beef Cheese & Bacon Pies | 700g", "price": "$11.00", "price_calculation": "$1.57 per 100g", "category": "Frozen"},
{"title": "Meadow Lea Original Margarine Spread | 500g", "price": "$4.00", "price_calculation": "$0.80 per 100g", "category": "Dairy, Eggs & Fridge"},
{"title": "Sara Lee Classic French Vanilla Ice Cream | 1L", "price": "$12.00", "price_calculation": "$1.20 per 100mL", "category": "Frozen"},
{"title": "Coles Sour Cream | 500g", "price": "$4.20", "price_calculation": "$0.84 per 100g", "category": "Dairy, Eggs & Fridge"},
{"title": "Colgate Sensitive Pro Relief Multiprotection Toothpaste | 110g", "price": "$5.50", "price_calculation": "$5.00 per 100g", "category": "Frozen"},
{"title": "Vitasoy Soy Lite Milk | 1L", "price": "$2.85", "price_calculation": "$2.85 per 1L", "category": "Dairy, Eggs & Fridge"},
{"title": "Golden Wok Frozen Chicken Mini Dim Sim | 660g", "price": "$12.00", "price_calculation": "$1.82 per 100g", "category": "Frozen"},
{"title": "Coles Deli Vine Leaves Stuffed Dolmades | 1 each", "price": "$0.50", "price_calculation": "$0.50 per 1ea", "category": "Deli"},
{"title": "Devondale Unsalted Pat Butter | 250g", "price": "$4.20", "price_calculation": "$1.68 per 100g", "category": "Dairy, Eggs & Fridge"},
{"title": "Primo Danish Salami | approx 100g", "price": "$3.10", "price_calculation": "$31.00 per 1kg", "category": "Deli"},
{"title": "Dream Whip Whipped Dairy Topping Cream | 250g", "price": "$5.60", "price_calculation": "$2.24 per 100g", "category": "Dairy, Eggs & Fridge"},
{"title": "Fine Foods Cracked Pepper Wafer Crackers | 100g", "price": "$3.50", "price_calculation": "$3.50 per 100g", "category": "Deli"},
{"title": "Bega Tasty Block | 500g", "price": "$9.50", "price_calculation": "$19.00 per 1kg", "category": "Dairy, Eggs & Fridge"},
{"title": "Primo Rindless Middle Bacon | 250g", "price": "$5.00", "price_calculation": "$20.00 per 1kg", "category": "Deli"},
{"title": "Cheer Tasty Cheese Slices | 500g", "price": "$12.50", "price_calculation": "$25.00 per 1kg", "category": "Dairy, Eggs & Fridge"},
{"title": "Coles Pepperoni | 200g", "price": "$6.90", "price_calculation": "$34.50 per 1kg", "category": "Deli"},
{"title": "Dairylea Regular Cheese Slices 36 Pack | 648g", "price": "$10.00", "price_calculation": "$15.43 per 1kg", "category": "Dairy, Eggs & Fridge"},
{"title": "Primo Prosciutto Boneless | approx 100g", "price": "$4.90", "price_calculation": "$49.00 per 1kg", "category": "Deli"},
{"title": "Cheer Tasty Cheese Slices | 750g", "price": "$14.00", "price_calculation": "$18.67 per 1kg", "category": "Dairy, Eggs & Fridge"},
{"title": "Don Liverwurst Latvian | 100g", "price": "$2.50", "price_calculation": "$25.00 per 1kg", "category": "Deli"},
{"title": "Wonder White Bread + Vitamins & Mineral | 700g", "price": "$4.40", "price_calculation": "$0.63 per 100g", "category": "Dairy, Eggs & Fridge"},
{"title": "Natural  Wafer Crackers | 100g", "price": "$3.50", "price_calculation": "$3.50 per 100g", "category": "Deli"},
{"title": "Gerry Pittes Souvlaki Pizza Pita Bread | 450g", "price": "$3.80", "price_calculation": "$0.84 per 100g", "category": "Dairy, Eggs & Fridge"},
{"title": "Coles Deli Express Kabana | 220g", "price": "$4.50", "price_calculation": "$20.45 per 1kg", "category": "Deli"},
{"title": "Bulla Dollop Thick Cream | 200mL", "price": "$3.80", "price_calculation": "$1.90 per 100mL", "category": "Dairy, Eggs & Fridge"},
{"title": "Don Crafted Cuts Double Smoked Pansize Bacon | 200g", "price": "$6.80", "price_calculation": "$34.00 per 1kg", "category": "Deli"},
{"title": "Western Star Unsalted Butter | 250g", "price": "$4.80", "price_calculation": "$1.92 per 100g", "category": "Dairy, Eggs & Fridge"},
{"title": "Coles Deli Thawed Australian MSC Raw Peeled Banana Prawn Meat | approx 250g", "price": "$10.75", "price_calculation": "$43.00 per 1kg", "category": "Deli"},
{"title": "Devondale Semi Skim Long Life Milk | 1L", "price": "$2.20", "price_calculation": "$2.20 per 1L", "category": "Dairy, Eggs & Fridge"},
{"title": "Don Pariser | approx 100g", "price": "$1.75", "price_calculation": "$17.50 per 1kg", "category": "Deli"},
{"title": "Pauls Rev Low Fat Milk Carton | 1L", "price": "$3.50", "price_calculation": "$3.50 per 1L", "category": "Dairy, Eggs & Fridge"},
{"title": "Coles Pitted Green Olives With Thyme Garlic Red Wine | approx 100g", "price": "$1.60", "price_calculation": "$16.00 per 1kg", "category": "Deli"},
{"title": "Coles Dairy Tasty Cheese Block | 500g", "price": "$8.00", "price_calculation": "$16.00 per 1kg", "category": "Dairy, Eggs & Fridge"},
{"title": "Hans Hot Twiggy Sticks | approx 100g", "price": "$2.35", "price_calculation": "$23.50 per 1kg", "category": "Deli"},
{"title": "Coles Dairy Spicy Capsicum Dip | 200g", "price": "$2.50", "price_calculation": "$1.25 per 100g", "category": "Dairy, Eggs & Fridge"},
{"title": "Coles Deli Seafood Salad | approx 250g", "price": "$4.25", "price_calculation": "$17.00 per 1kg", "category": "Deli"},
{"title": "Oak Chocolate Flavoured Milk | 600mL", "price": "$3.80", "price_calculation": "$6.33 per 1L", "category": "Dairy, Eggs & Fridge"},
{"title": "Coles Deli Thawed MSC Raw Lobster Tails | 1 each", "price": "$10.00", "price_calculation": "$10.00 per 1ea", "category": "Deli"},
{"title": "Farmhouse  Gold Organic Milk | 1.5L", "price": "$5.80", "price_calculation": "$3.87 per 1L", "category": "Dairy, Eggs & Fridge"},
{"title": "Jarlsberg Swiss Original Wedge Cut | approx 100g", "price": "$2.65", "price_calculation": "$26.50 per 1kg", "category": "Deli"},
{"title": "Devondale Moo Chocolate Flavoured Multipack Milk 200mL | 6 pack", "price": "$5.90", "price_calculation": "$4.92 per 1L", "category": "Dairy, Eggs & Fridge"},
{"title": "Thomson's Deli Middle Bacon | 250g", "price": "$4.00", "price_calculation": "$16.00 per 1kg", "category": "Deli"},
{"title": "Bulla Light Sour Cream | 200mL", "price": "$3.70", "price_calculation": "$1.85 per 100mL", "category": "Dairy, Eggs & Fridge"},
{"title": "Don Ready To Eat Kabana Minis | 140g", "price": "$4.00", "price_calculation": "$28.57 per 1kg", "category": "Deli"},
{"title": "Coles Dairy Olive Oil Spread | 500g", "price": "$3.80", "price_calculation": "$0.76 per 100g", "category": "Dairy, Eggs & Fridge"},
{"title": "Thomson's Deli Sliced Chicken Quad Pack | 320g", "price": "$5.70", "price_calculation": "$17.81 per 1kg", "category": "Deli"},
{"title": "Don Crafted Cut Bacon Shortcut | 200g", "price": "$6.80", "price_calculation": "$34.00 per 1kg", "category": "Deli"},
{"title": "Don Cocktail Franks Skinless | 600g", "price": "$7.80", "price_calculation": "$13.00 per 1kg", "category": "Deli"},
{"title": "Coles BBQ Seasoned Shredded Chicken | approx100g", "price": "$2.80", "price_calculation": "$28.00 per 1kg", "category": "Deli"},
{"title": "Coles Deli Thawed Peeled Garlic Prawns | approx 250g", "price": "$8.25", "price_calculation": "$33.00 per 1kg", "category": "Deli"},
{"title": "Don Italian Style Shaved Salami | 160g", "price": "$3.20", "price_calculation": "$20.00 per 1kg", "category": "Deli"},
{"title": "Coles Deli Express Roast Capsicum Strips | 130g", "price": "$3.50", "price_calculation": "$26.92 per 1kg", "category": "Deli"},
{"title": "British Sausage Co Smoked Back Bacon | 200g", "price": "$5.60", "price_calculation": "$28.00 per 1kg", "category": "Deli"},
{"title": "Coles Deli Thawed Cooked Peeled Prawn Cutlets | approx 250g", "price": "$8.50", "price_calculation": "$34.00 per 1kg", "category": "Deli"},
{"title": "Coles Deli Thawed Cooked Peeled Prawn Cutlets | 1kg", "price": "$34.00", "price_calculation": "$34.00 per 1kg", "category": "Deli"},
{"title": "Coles Deli RSPCA Approved Chicken Nibbles Honey Soy | approx 70g", "price": "$0.53", "price_calculation": "$7.50 per 1kg", "category": "Deli"},
{"title": "OB Finest Gluten Free Wafer Crackers | 100g", "price": "$3.50", "price_calculation": "$3.50 per 100g", "category": "Deli"},
{"title": "Thomson's Deli Streaky Bacon | 200g", "price": "$4.10", "price_calculation": "$20.50 per 1kg", "category": "Deli"},
{"title": "Coles Sliced Peri Peri Roast Chicken Breast | 150g", "price": "$6.00", "price_calculation": "$40.00 per 1kg", "category": "Deli"},
{"title": "Don Shredded Ham | approx 100g", "price": "$2.00", "price_calculation": "$20.00 per 1kg", "category": "Deli"},
{"title": "Hans Devon | approx 100g", "price": "$0.85", "price_calculation": "$8.50 per 1kg", "category": "Deli"},
{"title": "Coles Deli Thawed Seafood Highlighter | approx 250g", "price": "$1.50", "price_calculation": "$6.00 per 1kg", "category": "Deli"},
{"title": "Fine Foods Sesame Wafer Crackers | 100g", "price": "$3.50", "price_calculation": "$3.50 per 100g", "category": "Deli"},
{"title": "OB Finest Cranberry & Pumpkin Seed Crackers | 150g", "price": "$6.50", "price_calculation": "$4.33 per 100g", "category": "Deli"},
{"title": "Provedore Free Range Chorizo | 200g", "price": "$6.50", "price_calculation": "$32.50 per 1kg", "category": "Deli"},
{"title": "Don Crafted Cuts Streaky Bacon | 180g", "price": "$6.80", "price_calculation": "$37.78 per 1kg", "category": "Deli"},
{"title": "Primo Kransky | 1 each", "price": "$2.35", "price_calculation": "$2.35 per 1ea", "category": "Deli"},
{"title": "Coles Green Olives Chilli & Garlic | 110g", "price": "$3.50", "price_calculation": "$31.82 per 1kg", "category": "Deli"},
{"title": "Primo Bacon Style Pieces Twin Pack | 300g", "price": "$4.80", "price_calculation": "$16.00 per 1kg", "category": "Deli"},
{"title": "Coles Australian Made Rindless Short Cut Bacon | 200g", "price": "$5.00", "price_calculation": "$25.00 per 1kg", "category": "Deli"},
{"title": "OB Finest Fig & Almond Crackers | 150g", "price": "$6.50", "price_calculation": "$4.33 per 100g", "category": "Deli"},
{"title": "Listerine Zero Alcohol Antibacterial Mouthwash Less Intense Taste | 500mL", "price": "$8.00", "price_calculation": "$1.60 per 100mL", "category": "Health & Beauty"},
{"title": "Sensodyne Sensitive Teeth Pain Rapid Relief Toothpaste | 100g", "price": "$12.30", "price_calculation": "$12.30 per 100g", "category": "Health & Beauty"},
{"title": "Tresemme Moisture Rich Shampoo | 940mL", "price": "$14.00", "price_calculation": "$1.49 per 100mL", "category": "Health & Beauty"},
{"title": "Dove Men+Care Clean Comfort Body And Face Wash | 1L", "price": "$17.00", "price_calculation": "$1.70 per 100mL", "category": "Health & Beauty"},
{"title": "Palmolive Anti-Bacterial 2 Hour Defence Hand Wash | 250mL", "price": "$1.80", "price_calculation": "$0.72 per 100mL", "category": "Health & Beauty"},
{"title": "The Goat Skincare Original Soap Bar | 100g", "price": "$2.00", "price_calculation": "$2.00 per 100g", "category": "Health & Beauty"},
{"title": "Colgate Tartar Control Dental Floss | 25m", "price": "$2.64", "price_calculation": "$0.11 per 1M", "category": "Health & Beauty"},
{"title": "Coles Foaming Handwash Raspberry | 1L", "price": "$3.50", "price_calculation": "$0.35 per 100mL", "category": "Health & Beauty"},
{"title": "Colgate Zig Zag Flex Soft Toothbrush | 3 pack", "price": "$3.90", "price_calculation": "$1.30 per 1ea", "category": "Health & Beauty"},
{"title": "Palmolive Naturals Replenishing Milk & Honey Soap | 4 pack", "price": "$5.00", "price_calculation": "$1.39 per 100g", "category": "Health & Beauty"},
{"title": "Palmolive Naturals Aloe & Olive Soap | 4 pack", "price": "$5.00", "price_calculation": "$1.39 per 100g", "category": "Health & Beauty"},
{"title": "Wet Ones Antibacterial Hand Wipes Be Fresh | 80 pack", "price": "$5.40", "price_calculation": "$6.75 per 100ea", "category": "Health & Beauty"},
{"title": "Libra Invisible Pads Regular Wing | 12 pack", "price": "$5.50", "price_calculation": "$0.46 per 1ea", "category": "Health & Beauty"},
{"title": "Lucas Papaw Ointment Lip Tube | 15g", "price": "$5.60", "price_calculation": "$37.34 per 100g", "category": "Health & Beauty"},
{"title": "Dove Women Antiperspirant Original | 220mL", "price": "$8.50", "price_calculation": "$3.86 per 100mL", "category": "Health & Beauty"},
{"title": "Sensodyne Sensitive Teeth Pain Deep Clean Toothpaste | 110g", "price": "$9.70", "price_calculation": "$8.82 per 100g", "category": "Health & Beauty"},
{"title": "Codral Cold & Flu Tablets | 20 pack", "price": "$12.80", "price_calculation": "$0.64 per 1ea", "category": "Health & Beauty"},
{"title": "Coles Foaming Hand Wash Lime & Mint Antibacterial | 250mL", "price": "$2.60", "price_calculation": "$1.04 per 100mL", "category": "Health & Beauty"},
{"title": "Colgate Slim Soft Charcoal Toothbrush | 1 pack", "price": "$3.00", "price_calculation": "$3.00 per 1ea", "category": "Health & Beauty"},
{"title": "Palmolive Anti-Bacterial Foaming Lime & Mint Hand Wash | 250mL", "price": "$3.20", "price_calculation": "$1.28 per 100mL", "category": "Health & Beauty"},
{"title": "Colgate Plax Peppermint Dental Mouthwash | 500mL", "price": "$3.50", "price_calculation": "$0.70 per 100mL", "category": "Health & Beauty"},
{"title": "Coles Nourish Milk & Honey Body Wash | 1L", "price": "$4.00", "price_calculation": "$0.40 per 100mL", "category": "Health & Beauty"},
{"title": "Nurofen Ibuprofen 200mg Tablets Pain Relief | 24 pack", "price": "$5.40", "price_calculation": "$0.23 per 1ea", "category": "Health & Beauty"},
{"title": "Vaseline Petroleum Jelly Original | 100g", "price": "$5.50", "price_calculation": "$5.50 per 100g", "category": "Health & Beauty"},
{"title": "Panadol Rapid Soluble Tablets for Pain Relief Paracetamol 500mg | 20 pack", "price": "$6.25", "price_calculation": "$0.31 per 1ea", "category": "Health & Beauty"},
{"title": "Dove Men Antiperspirant Deodorant Extra Fresh | 254mL", "price": "$8.50", "price_calculation": "$3.35 per 100mL", "category": "Health & Beauty"},
{"title": "Dove Men Antiperspirant Invisible Dry | 254mL", "price": "$8.50", "price_calculation": "$3.35 per 100mL", "category": "Health & Beauty"},
{"title": "Batiste Original Dry Shampoo | 350mL", "price": "$19.30", "price_calculation": "$5.51 per 100mL", "category": "Health & Beauty"},
{"title": "Coles Aspirin Tablets 300mg | 24 pack", "price": "$0.95", "price_calculation": "$0.04 per 1ea", "category": "Health & Beauty"},
{"title": "Norsca Forest Fresh Antiperspirant Roll On Deodorant | 50mL", "price": "$2.15", "price_calculation": "$4.30 per 100mL", "category": "Health & Beauty"},
{"title": "Grants Of Australia Whitening Spearmint Toothpaste | 110g", "price": "$3.44", "price_calculation": "$3.13 per 100g", "category": "Health & Beauty"},
{"title": "Grants Of Australia Mild Mint With Aloe Vera Natural Toothpaste | 110g", "price": "$3.50", "price_calculation": "$3.18 per 100g", "category": "Health & Beauty"},
{"title": "Wet Ones Be Gentle Anti-Bacterial Hand & Face Wipes | 40 pack", "price": "$4.40", "price_calculation": "$0.11 per 1ea", "category": "Health & Beauty"},
{"title": "Oral B Toothbrush Sensitive X Deep Clean | 2 pack", "price": "$4.50", "price_calculation": "$2.25 per 1ea", "category": "Health & Beauty"},
{"title": "Palmolive Naturals Balanced & Mild With Chamomile Extracts | 4 pack", "price": "$5.00", "price_calculation": "$1.39 per 100g", "category": "Health & Beauty"},
{"title": "U by Kotex Ultrathin Pads Regular No Wings | 14 pack", "price": "$5.00", "price_calculation": "$0.36 per 1ea", "category": "Health & Beauty"},
{"title": "Gillette Shave Foam Lemon Lime | 330g", "price": "$5.50", "price_calculation": null, "category": "Health & Beauty"},
{"title": "Palmolive Naturals Ultra Moisture Milk & Shea Butter Shower Gel | 1L", "price": "$6.00", "price_calculation": "$0.60 per 100mL", "category": "Health & Beauty"},
{"title": "Rexona Men Antiperspirant Aerosol Deodorant Original | 250mL", "price": "$6.00", "price_calculation": "$2.40 per 100mL", "category": "Health & Beauty"},
{"title": "Rexona Women Antiperspirant Aerosol Deodorant Sexy Bouquet | 250mL", "price": "$6.00", "price_calculation": "$2.40 per 100mL", "category": "Health & Beauty"},
{"title": "Quick-Eze Chewy Peppermint Antacid Tablets | 3 pack", "price": "$6.80", "price_calculation": "$5.62 per 100g", "category": "Health & Beauty"},
{"title": "Palmolive Milk And Honey Hand Wash | 1L", "price": "$7.00", "price_calculation": "$0.70 per 100mL", "category": "Health & Beauty"},
{"title": "Dove Men Antiperspirant Deodorant Clean Comfort | 254mL", "price": "$8.50", "price_calculation": "$3.35 per 100mL", "category": "Health & Beauty"},
{"title": "Pantene Pro-V Ultimate 10 Repair & Protect Shampoo | 900mL", "price": "$20.00", "price_calculation": "$2.22 per 100mL", "category": "Health & Beauty"},
{"title": "Palmolive Aloe Vera Liquid Hand Wash | 250mL", "price": "$1.80", "price_calculation": "$0.72 per 100mL", "category": "Health & Beauty"},
{"title": "Coles Shower Cap | 1 pack", "price": "$2.00", "price_calculation": "$2.00 per 1ea", "category": "Health & Beauty"},
{"title": "Coles Ibuprofen Mini Capsules Bottle | 25 pack", "price": "$2.50", "price_calculation": "$0.10 per 1ea", "category": "Health & Beauty"},
{"title": "Pampas Frozen Pastry Tart Sweet 12 pack | 275g", "price": "$5.10", "price_calculation": "$1.85 per 100g", "category": "Frozen"},
{"title": "Super Nature Frozen Super Pulses Slow Cooked Rosemary Lamb Hot Pot | 300g", "price": "$6.00", "price_calculation": "$2.00 per 100g", "category": "Frozen"},
{"title": "Coles I'M Free From Beef Sausage Roll | 320g", "price": "$6.00", "price_calculation": "$1.88 per 100g", "category": "Frozen"},
{"title": "Proud & Punch Cookies & Cream 6 Pack | 450mL", "price": "$6.00", "price_calculation": "$1.33 per 100mL", "category": "Frozen"},
{"title": "Coles Coconut Prawns | 162g", "price": "$6.20", "price_calculation": "$3.83 per 100g", "category": "Frozen"},
{"title": "Tutto Pasta Gluten Free Lasagna Bolognese | 350g", "price": "$6.50", "price_calculation": "$1.86 per 100g", "category": "Frozen"},
{"title": "Coles I'M Free From Spinach & Ricotta Roll | 320g", "price": "$6.50", "price_calculation": "$2.03 per 100g", "category": "Frozen"},
{"title": "Greenback Protein Frozen Dessert Hazelnut Tub | 475mL", "price": "$6.50", "price_calculation": "$1.37 per 100mL", "category": "Frozen"},
{"title": "Greenback Protein Frozen Dessert Salted Caramel Tub | 475mL", "price": "$6.50", "price_calculation": "$1.37 per 100mL", "category": "Frozen"},
{"title": "Zooper Dooper Fairy Floss  24x70mL | 24 pack", "price": "$6.50", "price_calculation": "$0.39 per 100mL", "category": "Frozen"},
{"title": "Greenback Protein Frozen Dessert Choc Peanut Sticks 3 pack | 360mL", "price": "$6.50", "price_calculation": "$1.81 per 100mL", "category": "Frozen"},
{"title": "Quorn Frozen Vegan Schnitzels | 200g", "price": "$7.00", "price_calculation": "$3.50 per 100g", "category": "Frozen"},
{"title": "Quorn Frozen Meat Free Cheese & Spinach Schnitzels | 240g", "price": "$7.00", "price_calculation": "$2.92 per 100g", "category": "Frozen"},
{"title": "KB's Tempura Battered Whiting Fillets | 450g", "price": "$7.50", "price_calculation": "$16.67 per 1kg", "category": "Frozen"},
{"title": "KB's Himalayan Salt & Pepper Crumb Hoki Fillets | 300g", "price": "$7.50", "price_calculation": "$25.00 per 1kg", "category": "Frozen"},
{"title": "Magnum Bites Ice Cream Almond | 183mL", "price": "$7.70", "price_calculation": "$4.21 per 100mL", "category": "Frozen"},
{"title": "McCain Lil Cheesy Vegemite Pizzas 4 Pack | 380g", "price": "$7.80", "price_calculation": "$2.05 per 100g", "category": "Frozen"},
{"title": "KB's Yum Cha Money Bag | 240g", "price": "$8.50", "price_calculation": "$3.54 per 100g", "category": "Frozen"},
{"title": "King Of Kings Takoyaki Octopus Balls | 450g", "price": "$8.50", "price_calculation": "$1.89 per 100g", "category": "Frozen"},
{"title": "King Of Kings Mini Korean Vegetable Pancake | 360g", "price": "$8.50", "price_calculation": "$2.36 per 100g", "category": "Frozen"},
{"title": "Super Charged Mexican Beef | 350g", "price": "$8.50", "price_calculation": "$2.43 per 100g", "category": "Frozen"},
{"title": "Birds Eye Steamfresh Fish Soy & Ginger | 380g", "price": "$9.00", "price_calculation": "$23.68 per 1kg", "category": "Frozen"},
{"title": "Weis Raspberry Coconut Bars | 280mL", "price": "$9.50", "price_calculation": "$3.39 per 100mL", "category": "Frozen"},
{"title": "Weis Passionfruit Coconut Bars | 280mL", "price": "$9.50", "price_calculation": "$3.39 per 100mL", "category": "Frozen"},
{"title": "Weis Natives Lemon Myrtel 4 Pack | 280mL", "price": "$9.50", "price_calculation": "$3.39 per 100mL", "category": "Frozen"},
{"title": "Peters Maxibon Ice Cream Waffle 4 Pack | 560mL", "price": "$9.50", "price_calculation": "$1.70 per 100mL", "category": "Frozen"},
{"title": "Pana Organic Frozen Dessert Choc Hazelnut Ripple 4 Pack | 360mL", "price": "$9.50", "price_calculation": "$2.64 per 100mL", "category": "Frozen"},
{"title": "XXXX Gold Block Can 375mL | 30 Pack", "price": "$48.00", "price_calculation": "$4.27 per 1L", "category": "Liquor"},
{"title": "Pana Organic Frozen Dessert White Coco Crunch 4 Pack | 360mL", "price": "$9.50", "price_calculation": "$2.64 per 100mL", "category": "Frozen"},
{"title": "Penfolds Max'S Shiraz 750mL | 1 Each", "price": "$25.00", "price_calculation": "$3.33 per 100mL", "category": "Liquor"},
{"title": "Hanabi BBQ Bulgogi Beef | 290g", "price": "$9.50", "price_calculation": "$3.28 per 100g", "category": "Frozen"},
{"title": "Victoria Bitter Can 375mL | 24 Pack", "price": "$55.00", "price_calculation": "$0.61 per 100mL", "category": "Liquor"},
{"title": "Magnum Ice Cream Dairy Free Sea Salt Caramel 3Pack | 270mL", "price": "$6.50", "price_calculation": "$2.41 per 100mL", "category": "Frozen"},
{"title": "Olay Luminous Niacinamide Honey Peptide Moisturiser | 50g", "price": "$60.00", "price_calculation": "$120.00 per 100g", "category": "Health & Beauty"},
{"title": "Sealord Gluten Free Hoki Bites | 350g", "price": "$10.00", "price_calculation": "$28.57 per 1kg", "category": "Frozen"},
{"title": "Hahn Super Dry Bottle 330mL | 24 Pack", "price": "$52.00", "price_calculation": "$0.66 per 100mL", "category": "Liquor"},
{"title": "Greenback Protein Frozen Dessert Choc Peanut Tub | 475mL", "price": "$6.50", "price_calculation": "$1.37 per 100mL", "category": "Frozen"},
{"title": "Olay Luminous Niacinamide Honey Peptide Super Serum | 30mL", "price": "$60.00", "price_calculation": "$200.01 per 100mL", "category": "Health & Beauty"},
{"title": "Street Calzone Bacon & Egg 4 Pack | 320g", "price": "$10.00", "price_calculation": "$3.13 per 100g", "category": "Frozen"},
{"title": "Jack Daniels Whiskey 700mL | 1 Each", "price": "$52.00", "price_calculation": "$74.29 per 1L", "category": "Liquor"},
{"title": "Quorn Frozen Vegan Fillets | 252g", "price": "$7.00", "price_calculation": "$2.78 per 100g", "category": "Frozen"},
{"title": "Olay Regenerist Micro Sculpting Face Cream | 50g", "price": "$60.00", "price_calculation": "$120.00 per 100g", "category": "Health & Beauty"},
{"title": "Streets Blue Ribbon Duos Berry Passion Pavlova | 2L", "price": "$10.00", "price_calculation": "$0.50 per 100mL", "category": "Frozen"},
{"title": "Jack Daniels Gentleman Jack 1 Litre | 1 Each", "price": "$85.00", "price_calculation": "$85.00 per 1L", "category": "Liquor"},
{"title": "Quorn Sausages | 336g", "price": "$7.00", "price_calculation": "$2.08 per 100g", "category": "Frozen"},
{"title": "Olay Regenerist Serum Micro Sculpting | 50mL", "price": "$60.00", "price_calculation": "$120.00 per 100mL", "category": "Health & Beauty"},
{"title": "I&J Salt & Pepper Squid Stick | 800g", "price": "$10.00", "price_calculation": "$12.50 per 1kg", "category": "Frozen"},
{"title": "Saltram 1859 Barossa Shiraz 750mL | 1 Each", "price": "$15.00", "price_calculation": "$20.00 per 1L", "category": "Liquor"},
{"title": "Lean Cuisine Veg'D Up Cottage Pie | 335g", "price": "$7.00", "price_calculation": "$2.09 per 100g", "category": "Frozen"},
{"title": "Olay Regenerist Cream Micro Scultping Fragrance Free | 48g", "price": "$60.00", "price_calculation": "$125.00 per 100g", "category": "Health & Beauty"},
{"title": "KB Tempura Prawns | 300g", "price": "$10.50", "price_calculation": "$35.00 per 1kg", "category": "Frozen"},
{"title": "Wynns Coonawarra Shiraz 750mL | 1 Each", "price": "$14.00", "price_calculation": "$18.67 per 1L", "category": "Liquor"},
{"title": "Lean Cuisine Veg'D Up Mushroom Risotto | 350g", "price": "$7.00", "price_calculation": "$2.00 per 100g", "category": "Frozen"},
{"title": "Gillette Fusion Proshield Razor Blades | 8 pack", "price": "$63.00", "price_calculation": "$7.88 per 1ea", "category": "Health & Beauty"},
{"title": "Halo Top Strawberry Cheesecake Ice Cream Tub | 473mL", "price": "$10.50", "price_calculation": "$2.22 per 100mL", "category": "Frozen"},
{"title": "Wynns Reframed Cabernet Sauvignon Cabernet Franc 750mL | 1 Each", "price": "$16.00", "price_calculation": "$21.33 per 1L", "category": "Liquor"},
{"title": "Berri Quelch Tropical Fruit Juice Icy Tubes 24 pack | 1.68L", "price": "$7.30", "price_calculation": "$0.43 per 100mL", "category": "Frozen"},
{"title": "Gillette Labs Razor 5Up With Travel Case | 1 each", "price": "$65.00", "price_calculation": "$65.00 per 1ea", "category": "Health & Beauty"},
{"title": "Magnum Ice Cream Sweet & Salty Almond | 440mL", "price": "$10.50", "price_calculation": "$2.39 per 100mL", "category": "Frozen"},
{"title": "Carlton Dry Bottle 330mL | 24 Pack", "price": "$52.00", "price_calculation": "$0.61 per 100mL", "category": "Liquor"},
{"title": "Birds Eye Plant Based Burgers | 300g", "price": "$7.30", "price_calculation": "$2.43 per 100g", "category": "Frozen"},
{"title": "Gillette Proglide Razor Blades Refill | 10 pack", "price": "$69.00", "price_calculation": "$6.90 per 1ea", "category": "Health & Beauty"},
{"title": "On The Menu Family Meatballs & Spaghetti | 1.2kg", "price": "$11.00", "price_calculation": "$0.92 per 100g", "category": "Frozen"},
{"title": "Great Northern Super Crisp Lager Bottle 330mL | 24 Pack", "price": "$47.00", "price_calculation": "$5.93 per 1L", "category": "Liquor"},
{"title": "Serious Frozen Fruit Chocolate Pineapple Bites | 250g", "price": "$7.50", "price_calculation": "$3.00 per 100g", "category": "Frozen"},
{"title": "Nicorette Quit Smoking QuickMist Nicotine Mouth Spray Freshmint | 2 pack", "price": "$70.00", "price_calculation": "$35.00 per 1ea", "category": "Health & Beauty"},
{"title": "Bulla Murray Street Ice Cream Caramel Swirl & Shortbread | 1L", "price": "$12.00", "price_calculation": "$1.20 per 100mL", "category": "Frozen"},
{"title": "Great Northern Super Crisp Lager Block Can 375mL | 30 Pack", "price": "$60.00", "price_calculation": "$5.33 per 1L", "category": "Liquor"},
{"title": "KB's Kaffir Lime & Coconut Crumb Hoki Fillets | 300g", "price": "$7.50", "price_calculation": "$25.00 per 1kg", "category": "Frozen"},
{"title": "Nicorette Quit Smoking QuickMist Nicotine Mouth Spray Cool Berry | 2 pack", "price": "$70.00", "price_calculation": "$265.15 per 100mL", "category": "Health & Beauty"},
{"title": "The Cheesecake Shop Mudcake Cheesecake Ice Cream | 500mL", "price": "$12.00", "price_calculation": "$2.40 per 100mL", "category": "Frozen"},
{"title": "Cleanskin Clean & Smooth Vodka 700mL | 1 Each", "price": "$38.00", "price_calculation": "$54.29 per 1L", "category": "Liquor"},
{"title": "Coles I'M Free From Plain Pizza Base 2 Pack | 380g", "price": "$8.00", "price_calculation": "$2.11 per 100g", "category": "Frozen"},
{"title": "Nicorette Quickmist Smart Track | 2 pack", "price": "$70.00", "price_calculation": "$35.00 per 1ea", "category": "Health & Beauty"},
{"title": "YoPro Salted Caramel Peanut Butter Frozen Dessert Tub | 473mL", "price": "$12.00", "price_calculation": "$2.54 per 100mL", "category": "Frozen"},
{"title": "Corona Bottle 355mL | 24 Pack", "price": "$59.00", "price_calculation": "$6.92 per 1L", "category": "Liquor"},
{"title": "Devour Parmesan Crusted Tuna Melt Pasta Frozen | 400g", "price": "$8.00", "price_calculation": "$2.00 per 100g", "category": "Frozen"},
{"title": "Oral B Pro100 Frozen Or Star Wars Travel Case | 1 pack", "price": "$80.00", "price_calculation": "$80.00 per 1ea", "category": "Health & Beauty"},
{"title": "Haagen Dazs Duo Belgian Chocolate & Vanilla Ice Cream Tub | 420mL", "price": "$13.50", "price_calculation": "$3.21 per 100mL", "category": "Frozen"},
{"title": "St Hallett Faith Shiraz 750mL | 1 Each", "price": "$15.00", "price_calculation": "$20.00 per 1L", "category": "Liquor"},
{"title": "Charlotte'S Bakery Slow Cooked Beef & Ale Potato Top Pies 2 Pack | 400g", "price": "$8.20", "price_calculation": "$2.05 per 100g", "category": "Frozen"},
{"title": "Piksters Hydropik Mini Water Flosser | 1 pack", "price": "$100.00", "price_calculation": "$100.00 per 1ea", "category": "Health & Beauty"},
{"title": "Haagen Dazs Caramel Biscuit & Cream Ice Cream Tub | 457mL", "price": "$13.50", "price_calculation": "$2.95 per 100mL", "category": "Frozen"},
{"title": "Oyster Bay Marlborough Sauvignon Blanc 750mL | 1 Each", "price": "$22.00", "price_calculation": "$29.33 per 1L", "category": "Liquor"},
{"title": "KB's Yum Cha Prawn Won Ton | 240g", "price": "$8.50", "price_calculation": "$3.54 per 100g", "category": "Frozen"},
{"title": "Braun Silk Epil 5 Legs Epilator | 1 pack", "price": "$109.00", "price_calculation": "$109.00 per 1ea", "category": "Health & Beauty"},
{"title": "Mr.Chen's Frozen Family Dumpling Pack 20 Pieces | 625g", "price": "$15.00", "price_calculation": "$2.40 per 100g", "category": "Frozen"},
{"title": "Great Northern Original Lager Bottle 330mL | 24 Pack", "price": "$48.00", "price_calculation": "$6.06 per 1L", "category": "Liquor"},
{"title": "Denada Sugar Free Ice Cream Banana Sundae | 475mL", "price": "$8.50", "price_calculation": "$1.79 per 100mL", "category": "Frozen"},
{"title": "Braun 310 Face & Head Trimming Kit 6 In 1 | 1 pack", "price": "$129.00", "price_calculation": "$129.00 per 1ea", "category": "Health & Beauty"},
{"title": "Mr Chen's Bao Buns | 640g", "price": "$16.00", "price_calculation": "$2.50 per 100g", "category": "Frozen"},
{"title": "Pepperjack Barossa Shiraz 750mL | 1 Each", "price": "$25.00", "price_calculation": "$33.33 per 1L", "category": "Liquor"},
{"title": "Connoisseur Plant Based Vanilla Brownie 4 Pack | 350mL", "price": "$9.50", "price_calculation": "$2.71 per 100mL", "category": "Frozen"},
{"title": "Oral B Pro 1500 Electric Toothbrush With Travel Case | 1 pack", "price": "$130.00", "price_calculation": "$130.00 per 1ea", "category": "Health & Beauty"},
{"title": "Coles Frozen Fish Cakes 4 pack | 350g", "price": "$4.60", "price_calculation": "$13.14 per 1kg", "category": "Frozen"},
{"title": "Earthworks Shiraz 750mL | 1 Each", "price": "$12.00", "price_calculation": "$16.00 per 1L", "category": "Liquor"},
{"title": "Sara Lee Frozen Chocolate Buttercake | 350g", "price": "$9.80", "price_calculation": "$2.80 per 100g", "category": "Frozen"},
{"title": "Oral B Floss Action Electric Toothbrush Refill | 15 pack", "price": "$136.00", "price_calculation": "$9.07 per 1ea", "category": "Health & Beauty"},
{"title": "Quorn Classic Beef Style Burger | 227g", "price": "$4.90", "price_calculation": "$2.16 per 100g", "category": "Frozen"},
{"title": "Wahu New Zealand Sauv Blanc 750mL | 1 Each", "price": "$8.50", "price_calculation": "$11.33 per 1L", "category": "Liquor"},
{"title": "Mrs Mac's Brush & Bake Chunky Steak Pie 2Pk | 400g", "price": "$10.00", "price_calculation": "$2.50 per 100g", "category": "Frozen"},
{"title": "Oral B Smart 1 Electric Toothbrush | 1 pack", "price": "$150.00", "price_calculation": "$150.00 per 1ea", "category": "Health & Beauty"},
{"title": "Hanabi Surimi Crispy Tofu Balls | 500g", "price": "$5.00", "price_calculation": "$1.00 per 100g", "category": "Frozen"},
{"title": "Zilzie Bulloak Sauvignon Blanc 750mL | 1 Each", "price": "$6.00", "price_calculation": "$8.00 per 1L", "category": "Liquor"},
{"title": "Mrs Mac's Brush & Bake Pepper Steak Pie 2Pk | 400g", "price": "$10.00", "price_calculation": "$2.50 per 100g", "category": "Frozen"},
{"title": "Oral B Io Electric Toothbrush Blue With White Refill | 1 pack", "price": "$199.00", "price_calculation": "$199.00 per 1ea", "category": "Health & Beauty"},
{"title": "The Village Dish Authentic Turkish Gozleme Spinach And Feta | 300g", "price": "$6.00", "price_calculation": "$2.00 per 100g", "category": "Frozen"},
{"title": "McGuigan Black Label Red Blend 750mL | 1 Each", "price": "$8.00", "price_calculation": "$10.67 per 1L", "category": "Liquor"},
{"title": "KB Panko Crumb Squid | 360g", "price": "$10.50", "price_calculation": "$29.17 per 1kg", "category": "Frozen"},
{"title": "Brown Brothers Prosecco NV 750mL | 1 Each", "price": "$15.00", "price_calculation": "$20.00 per 1L", "category": "Liquor"},
{"title": "KB Salt & Pepper Prawns | 300g", "price": "$10.50", "price_calculation": "$35.00 per 1kg", "category": "Frozen"},
{"title": "James Squire 150 Lashes Pale Ale Bottle 330mL | 6 Pack", "price": "$22.00", "price_calculation": "$11.11 per 1L", "category": "Liquor"},
{"title": "Kb's Whiting Bites Classic Crumb | 300g", "price": "$10.50", "price_calculation": "$35.00 per 1kg", "category": "Frozen"},
{"title": "Wolf Blass Red Label Chardonnay Pinot Noir NV 750mL | 1 Each", "price": "$7.00", "price_calculation": "$9.33 per 1L", "category": "Liquor"},
{"title": "Pana Organic Frozen Dessert Chocolate Hazelnut | 950mL", "price": "$12.00", "price_calculation": "$1.26 per 100mL", "category": "Frozen"},
{"title": "Lana's Bike Sauvignon Blanc 750mL | 1 Each", "price": "$14.00", "price_calculation": "$18.67 per 1L", "category": "Liquor"},
{"title": "Pana Organic Frozen Dessert Burnt Fig & Caramel | 950mL", "price": "$12.00", "price_calculation": "$1.26 per 100mL", "category": "Frozen"},
{"title": "Peter Lehmann Portrait Shiraz 750mL | 1 Each", "price": "$12.00", "price_calculation": "$16.00 per 1L", "category": "Liquor"},
{"title": "Hanabi BBQ Pork Belly Sliced | 290g", "price": "$12.00", "price_calculation": "$4.14 per 100g", "category": "Frozen"},
{"title": "Yellowglen NV Yellow 750mL | 1 Each", "price": "$9.00", "price_calculation": "$12.00 per 1L", "category": "Liquor"},
{"title": "Sara Lee Dluxe Semifredo Chocolate & Slt Caramel | 1.3L", "price": "$15.00", "price_calculation": "$1.15 per 100g", "category": "Frozen"},
{"title": "-196 Double Lemon & Vodka Can 330ml | 4 Pack", "price": "$24.00", "price_calculation": "$18.18 per 1L", "category": "Liquor"},
{"title": "Family Faves Panko Crumb Chicken Donut | 1kg", "price": "$21.50", "price_calculation": "$21.50 per 1kg", "category": "Frozen"},
{"title": "Robinsons Marlborough Sauvignon Blanc 750mL | 1 Each", "price": "$10.00", "price_calculation": "$13.33 per 1L", "category": "Liquor"},
{"title": "I&J Wild Alaskan Sockeye Salmon | 500g", "price": "$35.00", "price_calculation": "$70.00 per 1kg", "category": "Frozen"},
{"title": "Earthworks Cabernet Sauvignon 750mL | 1 Each", "price": "$12.00", "price_calculation": "$16.00 per 1L", "category": "Liquor"},
{"title": "Coles Mixed Vegetables | 1kg", "price": null, "price_calculation": null, "category": "Frozen"},
{"title": "Deeds Fuel Injection Summer Ale Can 440mL | 16 Pack", "price": "$132.00", "price_calculation": "$18.75 per 1L", "category": "Liquor"},
{"title": "Absolut Vodka 700mL | 1 Each", "price": "$56.00", "price_calculation": "$80.00 per 1L", "category": "Liquor"},
{"title": "Coles Original Chicken Tenders  | 400g", "price": "$4.40", "price_calculation": "$11.00 per 1kg", "category": "Frozen"},
{"title": "Grainshaker Vodka Mixed Can 6% 330mL | 24 Pack", "price": "$134.00", "price_calculation": "$16.92 per 1L", "category": "Liquor"},
{"title": "The Ned Marlborough Sauvignon Blanc 750mL | 1 Each", "price": "$18.00", "price_calculation": "$24.00 per 1L", "category": "Liquor"},
{"title": "Coles Margherita Pizza | 470g", "price": "$5.00", "price_calculation": "$1.06 per 100g", "category": "Frozen"},
{"title": "Kentucky Bourbon Double Serve & No Sugar Can 375mL | 30 Pack", "price": "$139.00", "price_calculation": "$12.36 per 1L", "category": "Liquor"},
{"title": "Johnnie Walker Red Label Scotch Whisky 700mL | 1 Each", "price": "$45.00", "price_calculation": "$64.29 per 1L", "category": "Liquor"},
{"title": "Nature's Kitchen Vegetable Spring Rolls | 216g", "price": "$6.50", "price_calculation": "$3.01 per 100g", "category": "Frozen"},
{"title": "Absolut Cocktails Passionfruit Martini Can 250mL | 24 Pack", "price": "$140.00", "price_calculation": "$23.33 per 1L", "category": "Liquor"},
{"title": "Pensilva Estate Shiraz 750mL | 1 Each", "price": "$20.00", "price_calculation": "$26.67 per 1L", "category": "Liquor"},
{"title": "Greenback Protein Frozen Dessert Vanilla Hazelnut 3 Pack | 360mL", "price": "$6.50", "price_calculation": "$1.81 per 100mL", "category": "Frozen"},
{"title": "Absolut Cocktails Berry Vodkarita Can 250mL | 24 Pack", "price": "$140.00", "price_calculation": "$23.33 per 1L", "category": "Liquor"},
{"title": "STORY BAY STORY BAY SEMILLON SAUV B", "price": null, "price_calculation": null, "category": "Liquor"},
{"title": "Plate Up Frozen Cauliflower Bake | 800g", "price": "$6.60", "price_calculation": "$8.25 per 1kg", "category": "Frozen"},
{"title": "Truly Lemonade Seltzer Original Lemon Can 330mL | 24 Pack", "price": "$144.00", "price_calculation": "$18.18 per 1L", "category": "Liquor"},
{"title": "Yalumba Y Series Pinot Grigio 750mL | 1 Each", "price": "$10.00", "price_calculation": "$13.33 per 1L", "category": "Liquor"},
{"title": "Coles Frozen Bake At Home Butter Croissants 6 pack | 360g", "price": "$6.70", "price_calculation": "$1.86 per 100g", "category": "Frozen"},
{"title": "Patient Wolf Dry Gin & Tonic Can 250mL | 24 Pack", "price": "$145.00", "price_calculation": "$24.17 per 1L", "category": "Liquor"},
{"title": "Victoria Bitter Can 375mL | 8 Pack", "price": "$23.00", "price_calculation": "$7.67 per 1L", "category": "Liquor"},
{"title": "Meet Meetballs | 240g", "price": "$7.00", "price_calculation": "$2.92 per 100g", "category": "Frozen"},
{"title": "Bacardi Pina Colada Can 250mL | 24 Pack", "price": "$145.00", "price_calculation": "$24.17 per 1L", "category": "Liquor"},
{"title": "Stoneleigh Marlborough Sauvignon Blanc 750mL | 1 Each", "price": "$15.00", "price_calculation": "$20.00 per 1L", "category": "Liquor"},
{"title": "Bulla Creamy Classics Choc Honeycomb Cone 4 Pack | 520mL", "price": "$7.00", "price_calculation": "$1.35 per 100mL", "category": "Frozen"},
{"title": "Just Festival Pack Can 330mL | 36 Pack", "price": "$156.00", "price_calculation": "$13.13 per 1L", "category": "Liquor"},
{"title": "Zilzie Estate Pinot Grigio 750mL | 1 Each", "price": "$7.00", "price_calculation": "$9.33 per 1L", "category": "Liquor"},
{"title": "Peters Skinny Cow Cups Ice Cream Choc & Vanilla Caramel Cup | 680mL", "price": "$7.00", "price_calculation": "$1.03 per 100mL", "category": "Frozen"},
{"title": "First Press Espresso Martini Can 200mL | 24 Pack", "price": "$168.00", "price_calculation": "$35.00 per 1L", "category": "Liquor"},
{"title": "Great Northern Original Lager Bottle 330mL | 6 Pack", "price": "$19.00", "price_calculation": "$9.60 per 1L", "category": "Liquor"},
{"title": "Birds Eye Plant Based Chicken Style Nuggets | 300g", "price": "$7.30", "price_calculation": "$2.43 per 100g", "category": "Frozen"},
{"title": "Tanqueray Flor de Sevilla Gin & Soda Bottles 275mL | 24 Pack", "price": "$179.00", "price_calculation": "$27.12 per 1L", "category": "Liquor"},
{"title": "Corona Bottle 355mL | 6 Pack", "price": "$23.00", "price_calculation": "$10.80 per 1L", "category": "Liquor"},
{"title": "Birds Eye Plant Based Chicken Style Fingers | 300g", "price": "$7.30", "price_calculation": "$2.43 per 100g", "category": "Frozen"},
{"title": "Jack Daniels Double Jack and Cola Can 375mL | 4 Pack", "price": "$28.00", "price_calculation": "$18.67 per 1L", "category": "Liquor"},
{"title": "Serious Frozen Fruit Chocolate Banana Bites | 250g", "price": "$7.50", "price_calculation": "$3.00 per 100g", "category": "Frozen"},
{"title": "Tussock Jumper Pinot Noir 750mL | 1 Each", "price": "$10.00", "price_calculation": "$13.33 per 1L", "category": "Liquor"},
{"title": "Denada Sugar Free Caramel Chocolate Flake Ice Cream Tub | 475mL", "price": "$8.50", "price_calculation": "$1.79 per 100mL", "category": "Frozen"},
{"title": "Jim Beam Black Double Serve 6.9% Can 375mL | 4 Pack", "price": "$25.00", "price_calculation": "$16.67 per 1L", "category": "Liquor"},
{"title": "Denada Sugar Free Espresso Chocolate Fudge Vegan Ice Cream | 475mL", "price": "$8.50", "price_calculation": "$1.79 per 100mL", "category": "Frozen"},
{"title": "Jim Beam White Label Bourbon 700mL | 1 Each", "price": "$45.00", "price_calculation": "$64.29 per 1L", "category": "Liquor"},
{"title": "Weis Dark Chocolate And Coconut Real Good Feel Good Bar 4 Pack | 280mL", "price": "$9.50", "price_calculation": "$3.39 per 100mL", "category": "Frozen"},
{"title": "Cadbury Crunchie Honeycomb Flavour Ice Cream Bar 4 Pack | 300mL", "price": "$9.50", "price_calculation": "$3.17 per 100mL", "category": "Frozen"},
{"title": "Connoisseur Salted Pretzel 4 Pack | 360mL", "price": "$9.50", "price_calculation": "$2.64 per 100mL", "category": "Frozen"},
{"title": "Twinings English Breakfast Extra Strong Tea Bags 80 pack | 200g", "price": "$13.50", "price_calculation": "$0.17 per 1ea", "category": "Drinks"},
{"title": "Coles Mixer Diet Tonic Water | 1.25L", "price": "$0.90", "price_calculation": "$0.72 per 1L", "category": "Drinks"},
{"title": "Kirks Sugar Free Pasito Soft Drink | 1.25L", "price": "$1.60", "price_calculation": null, "category": "Drinks"},
{"title": "Fanta Orange Soft Drink Can | 250mL", "price": "$1.80", "price_calculation": "$7.20 per 1L", "category": "Drinks"},
{"title": "Pauls Bluey Strawberry Flavoured Milk | 250mL", "price": "$2.25", "price_calculation": "$9.00 per 1L", "category": "Drinks"},
{"title": "Daily Juice Pulp Free No Added Sugar Orange Juice | 500mL", "price": "$2.70", "price_calculation": "$5.40 per 1L", "category": "Drinks"},
{"title": "Impressed Essentials Orange Juice With Pulp | 1L", "price": "$3.50", "price_calculation": "$3.50 per 1L", "category": "Drinks"},
{"title": "Gatorade Watermelon Chill Sports Drink | 600mL", "price": "$3.85", "price_calculation": "$6.42 per 1L", "category": "Drinks"},
{"title": "Australia's Own Almond Barista Milk | 1L", "price": "$4.00", "price_calculation": "$4.00 per 1L", "category": "Drinks"},
{"title": "Schweppes Soda Water Mixers 4X300Ml | 4 pack", "price": "$6.90", "price_calculation": "$5.75 per 1L", "category": "Drinks"},
{"title": "Twinings Pure Camomile Infusions Tea Bags 80 pack | 96g", "price": "$13.50", "price_calculation": "$0.17 per 1ea", "category": "Drinks"},
{"title": "Coles Sports Spring Water | 1L", "price": "$1.10", "price_calculation": "$1.10 per 1L", "category": "Drinks"},
{"title": "Powerade ION4 Lemon Lime Sports Drink Sipper Cap | 600mL", "price": "$2.30", "price_calculation": "$3.83 per 1L", "category": "Drinks"},
{"title": "Powerade Sports Drink Sipper Cap Kiwi | 600mL", "price": "$2.30", "price_calculation": "$3.83 per 1L", "category": "Drinks"},
{"title": "Lipton Lemon Ice Tea | 500mL", "price": "$2.85", "price_calculation": "$5.70 per 1L", "category": "Drinks"},
{"title": "Sprite Zero Sugar Lemonade Soft Drink Bottle  | 600mL", "price": "$3.20", "price_calculation": "$5.33 per 1L", "category": "Drinks"},
{"title": "Gatorade Sport Drink Glacefreeze No Sugar | 600mL", "price": "$3.85", "price_calculation": "$6.42 per 1L", "category": "Drinks"},
{"title": "Australias Own Chocolate Kids Milk 200mL | 6 pack", "price": "$3.85", "price_calculation": "$3.21 per 1L", "category": "Drinks"},
{"title": "Gatorade Fierce Blue Bolt Sports Drink | 600mL", "price": "$3.85", "price_calculation": "$6.42 per 1L", "category": "Drinks"},
{"title": "Coles Apple Juice | 3L", "price": "$5.00", "price_calculation": "$1.67 per 1L", "category": "Drinks"},
{"title": "Schweppes Soft Drink Zero Sugar Lemonade | 1.1L", "price": "$1.50", "price_calculation": "$1.36 per 1L", "category": "Drinks"},
{"title": "Sanitarium So Good Long Life Lite Soy Milk 1L | 1L", "price": "$2.20", "price_calculation": "$2.20 per 1L", "category": "Drinks"},
{"title": "Vitasoy Protein Plus | 1L", "price": "$3.00", "price_calculation": "$3.00 per 1L", "category": "Drinks"},
{"title": "Impressed Essentials Tropical Juice | 1L", "price": "$3.50", "price_calculation": "$3.50 per 1L", "category": "Drinks"},
{"title": "Ara Select Blocks Zero Sauvignon Blanc 750mL | 1 each", "price": "$3.50", "price_calculation": "$4.67 per 1L", "category": "Drinks"},
{"title": "Sanitarium So Good Barista Oat Uht Milk | 1L", "price": "$4.00", "price_calculation": "$4.00 per 1L", "category": "Drinks"},
{"title": "Mildura Sunrise Orange And Mango Fruit Drink | 3L", "price": "$5.00", "price_calculation": "$1.67 per 1L", "category": "Drinks"},
{"title": "Nudie Nothing But Limited Edition Juice | 2L", "price": "$8.50", "price_calculation": "$4.25 per 1L", "category": "Drinks"},
{"title": "Coca-Cola Diet Coke Soft Drink 24x375mL | 24 pack", "price": "$20.00", "price_calculation": "$2.22 per 1L", "category": "Drinks"},
{"title": "Kirks Sugar Free Orange Soft Drink Bottle | 1.25L", "price": "$1.60", "price_calculation": "$1.28 per 1L", "category": "Drinks"},
{"title": "Sprite Zero Sugar Lemonade Soft Drink Bottle | 2L", "price": "$3.00", "price_calculation": "$1.50 per 1L", "category": "Drinks"},
{"title": "Impressed Essentials Green Supreme | 1L", "price": "$3.50", "price_calculation": "$3.50 per 1L", "category": "Drinks"},
{"title": "Just Juice Apple Blackcurrant Juice Multipack 200mL | 6 pack", "price": "$5.20", "price_calculation": "$4.33 per 1L", "category": "Drinks"},
{"title": "Nestle Milo 30% Less Added Sugar Chocolate Malt Powder Drink | 395g", "price": "$9.40", "price_calculation": "$2.38 per 100g", "category": "Drinks"},
{"title": "Schweppes Infused Lime Mineral Water | 1.1L", "price": "$1.50", "price_calculation": "$1.36 per 1L", "category": "Drinks"},
{"title": "Kirks Soft Drink Pasito Passionfruit | 1.25L", "price": "$1.60", "price_calculation": "$1.28 per 1L", "category": "Drinks"},
{"title": "Orchy Apple & Blackcurrant Juice Chilled | 375mL", "price": "$2.05", "price_calculation": "$5.47 per 1L", "category": "Drinks"},
{"title": "Coles Dairy Free Barista Almond Milk | 1L", "price": "$3.50", "price_calculation": "$3.50 per 1L", "category": "Drinks"},
{"title": "Coles Classic Granulated Coffee | 200g", "price": "$3.70", "price_calculation": "$1.85 per 100g", "category": "Drinks"},
{"title": "Musashi Energy Drink Blue Raspberry | 500mL", "price": "$4.35", "price_calculation": "$8.70 per 1L", "category": "Drinks"},
{"title": "Boost All Berry Bang Juice Chilled | 1L", "price": "$4.40", "price_calculation": "$4.40 per 1L", "category": "Drinks"},
{"title": "Schweppes Mixers Agrum Blood Orange | 1.1L", "price": "$1.50", "price_calculation": "$1.36 per 1L", "category": "Drinks"},
{"title": "Bushells Blue Label Black Tea Bags | 50 pack", "price": "$2.20", "price_calculation": "$0.04 per 1ea", "category": "Drinks"},
{"title": "Perform Berry Burst Sports Drink | 600mL", "price": "$2.20", "price_calculation": "$3.67 per 1L", "category": "Drinks"},
{"title": "Twinings Infused Camomile & Spiced Apple Tea Bags | 10 pack", "price": "$3.00", "price_calculation": "$0.30 per 1ea", "category": "Drinks"},
{"title": "Twinings English Breakfast Extra Strong Tea Bags | 10 pack", "price": "$3.00", "price_calculation": "$0.30 per 1ea", "category": "Drinks"},
{"title": "Twinings Darjeeling Tea Bags | 10 pack", "price": "$3.00", "price_calculation": "$0.30 per 1ea", "category": "Drinks"},
{"title": "Twining's Green Tea & Jasmine Tea Bags | 10 pack", "price": "$3.00", "price_calculation": "$0.30 per 1ea", "category": "Drinks"},
{"title": "Remedy Sodaly Raspberry Can | 250mL", "price": "$3.00", "price_calculation": "$12.00 per 1L", "category": "Drinks"},
{"title": "Twinings Russian Caravan Tea Bags | 10 pack", "price": "$3.00", "price_calculation": "$0.30 per 1ea", "category": "Drinks"},
{"title": "Nexba Sugar Free Ice Tea | 1L", "price": "$3.50", "price_calculation": "$3.50 per 1L", "category": "Drinks"},
{"title": "Pom Wonderful Pomegranate Juice 100% | 473mL", "price": "$3.98", "price_calculation": "$8.41 per 1L", "category": "Drinks"},
{"title": "Pureharvest Organic Apple & Pear Juice Bottle | 1L", "price": "$4.50", "price_calculation": "$4.50 per 1L", "category": "Drinks"},
{"title": "Queen Victoria Vanilla Chai Tea Bags | 100 pack", "price": "$5.50", "price_calculation": "$0.06 per 1ea", "category": "Drinks"},
{"title": "Celestial Seasonings Tea Bags Herb Sleepytime | 20 pack", "price": null, "price_calculation": null, "category": "Drinks"},
{"title": "Moccona Barista Reserve Capsules Cappuccino | 10 Pack", "price": null, "price_calculation": null, "category": "Drinks"},
{"title": "Moccona Barista Reserve Latte 12 Capsules 52g | 10 Pack", "price": null, "price_calculation": null, "category": "Drinks"},
{"title": "Moccona Barista Reserve Medium Roast Lungo | 10 Pack", "price": null, "price_calculation": null, "category": "Drinks"},
{"title": "Jed's No.3 Strong Nespresso Compatible Capsules | 10 pack", "price": null, "price_calculation": null, "category": "Drinks"},
{"title": "Jed's No.4 Very Strong Nespresso Compatible Capsules | 10 pack", "price": null, "price_calculation": null, "category": "Drinks"},
{"title": "Jed's No.5 Extra Strong Nespresso Compatible Capsules | 10 pack", "price": null, "price_calculation": null, "category": "Drinks"},
{"title": "Jed's No.X Extreme Nespresso Compatible Capsules | 10 pack", "price": null, "price_calculation": null, "category": "Drinks"},
{"title": "Aurora Freeze Dried Italian Style Coffee | 100g", "price": "$7.00", "price_calculation": "$7.00 per 100g", "category": "Drinks"},
{"title": "Coca-Cola Classic Soft Drink Multipack Glass Bottle 4 x 300mL | 4 pack", "price": "$7.50", "price_calculation": "$6.25 per 1L", "category": "Drinks"},
{"title": "Jarrah Espresso Martini | 6 pack", "price": "$7.50", "price_calculation": "$1.25 per 1ea", "category": "Drinks"},
{"title": "Dilmah Premium Tagless Tea Bags | 80 pack", "price": null, "price_calculation": null, "category": "Drinks"},
{"title": "Jarrah After Dark Caramel Latte Espresso Martini | 6 pack", "price": "$7.50", "price_calculation": "$1.25 per 1ea", "category": "Drinks"},
{"title": "Jarrah After Dark Vanilla Latte Affogato | 6 pack", "price": "$7.50", "price_calculation": "$1.25 per 1ea", "category": "Drinks"},
{"title": "Jarrah After Dark Hazelnut Latte Affogato | 6 pack", "price": "$7.50", "price_calculation": "$1.25 per 1ea", "category": "Drinks"},
{"title": "St Remio Premium Instant Decaf Cappuccino Sachets | 8 pack", "price": null, "price_calculation": null, "category": "Drinks"},
{"title": "St Remio Premium Instant Sugar Free Cappuccino Sachets | 8 pack", "price": null, "price_calculation": null, "category": "Drinks"},
{"title": "Sodasmith Sparkling Water Lime And Native Citrus 4X330mL | 4 pack", "price": "$7.50", "price_calculation": "$5.68 per 1L", "category": "Drinks"},
{"title": "Nescafe Coffee Sachets Latte | 10 pack", "price": null, "price_calculation": null, "category": "Drinks"},
{"title": "Nescafe Iced Cappuccino Coffee Sachets | 8 pack", "price": "$7.60", "price_calculation": "$0.95 per 1ea", "category": "Drinks"},
{"title": "Nescafe Iced Salted Caramel Coffee Sachets | 8 pack", "price": "$7.60", "price_calculation": "$0.95 per 1ea", "category": "Drinks"},
{"title": "Twinings Orange Pekoe Tea Bags | 50 pack", "price": "$8.50", "price_calculation": "$8.50 per 100g", "category": "Drinks"},
{"title": "Nescafe Ristretto Ardenza Capsules 16 Pack | 16 pack", "price": null, "price_calculation": null, "category": "Drinks"},
{"title": "Soda Press Co Classic Indian Syrup | 500mL", "price": "$9.00", "price_calculation": "$18.00 per 1L", "category": "Drinks"},
{"title": "Yorkshire Tea Biscuit Brew Tea Bags | 40 pack", "price": null, "price_calculation": null, "category": "Drinks"},
{"title": "Yorkshire Tea Toast & Jam Tea Bags | 40 pack", "price": null, "price_calculation": null, "category": "Drinks"},
{"title": "Jed's No.3 Strong Ground Coffee | 200g", "price": null, "price_calculation": null, "category": "Drinks"},
{"title": "Jed's No.5 Extra Strong Ground Coffee | 200g", "price": null, "price_calculation": null, "category": "Drinks"},
{"title": "Jed's No.X Extreme Ground Coffee | 200g", "price": null, "price_calculation": null, "category": "Drinks"},
{"title": "XXXX Zero 6X330mL | 6 pack", "price": "$11.00", "price_calculation": "$5.56 per 1L", "category": "Drinks"},
{"title": "Robert Timms Cafe Series Cafe Series Freeze Dried Intese Instant Coffee | 90g", "price": null, "price_calculation": null, "category": "Drinks"},
{"title": "Raw Essentials Tea Slim | 50g", "price": "$12.00", "price_calculation": "$24.00 per 100g", "category": "Drinks"},
{"title": "Nexba Non Alcoholic Spritz Amalfi | 750mL", "price": "$12.00", "price_calculation": "$16.00 per 1L", "category": "Drinks"},
{"title": "Nexba Non Alcoholic Spritz Limoncello | 750mL", "price": "$12.00", "price_calculation": "$16.00 per 1L", "category": "Drinks"},
{"title": "Daley Street Q-graders Batch Cremorne Ground Coffee | 250g", "price": null, "price_calculation": null, "category": "Drinks"},
{"title": "Fancy Plants High Protein Pud Salted Caramel | 160g", "price": "$3.50", "price_calculation": "$2.19 per 100g", "category": "Dairy, Eggs & Fridge"},
{"title": "Yumi's Mayo Aioli Pesto | 200g", "price": "$3.70", "price_calculation": "$1.85 per 100g", "category": "Dairy, Eggs & Fridge"},
{"title": "Australia's Own Plant Blends | 1L", "price": "$4.00", "price_calculation": "$4.00 per 1L", "category": "Dairy, Eggs & Fridge"},
{"title": "Coles Deli Meredith Dairy Dill Chevre | 150g", "price": "$9.00", "price_calculation": "$60.00 per 1kg", "category": "Deli"},
{"title": "Provedore Salami Crumb | 100g", "price": "$4.00", "price_calculation": "$40.00 per 1kg", "category": "Dairy, Eggs & Fridge"},
{"title": "Coles Continental Platter | 200g", "price": "$16.00", "price_calculation": "$80.00 per 1kg", "category": "Deli"},
{"title": "Coles Caramel Chocolate Dessert 2 Pack | 160g", "price": "$4.30", "price_calculation": "$2.69 per 100g", "category": "Dairy, Eggs & Fridge"},
{"title": "Coles Australian Made Short Cut Bacon From The Deli | approx 125g", "price": "$2.81", "price_calculation": "$22.50 per 1kg", "category": "Deli"},
{"title": "Somerdale IL Truffelino Cheddar Cheese With Truffle | 150g", "price": "$8.80", "price_calculation": "$58.67 per 1kg", "category": "Dairy, Eggs & Fridge"},
{"title": "Bubble Milk Tea Brown Sugar With Tapioca Pearls | 350mL", "price": "$4.50", "price_calculation": "$12.86 per 1L", "category": "Dairy, Eggs & Fridge"},
{"title": "Coles Deli Thawed Australian Cooked Black Tiger Prawns Extra Large | approx 250g", "price": "$9.00", "price_calculation": "$36.00 per 1kg", "category": "Deli"},
{"title": "Lemnos Twin Packs Haloumi | 200g", "price": "$9.00", "price_calculation": "$45.00 per 1kg", "category": "Dairy, Eggs & Fridge"},
{"title": "Real Mexican Feast Tasty Cheese Corn Chips Guacamole | 85g", "price": "$4.50", "price_calculation": "$52.94 per 1kg", "category": "Dairy, Eggs & Fridge"},
{"title": "Coles Sweet Symphony Platter | 1 each", "price": "$40.00", "price_calculation": "$40.00 per 1ea", "category": "Deli"},
{"title": "Cibo Penne Tagliatelle Al Ragu | 300g", "price": "$9.90", "price_calculation": "$3.30 per 100g", "category": "Dairy, Eggs & Fridge"},
{"title": "Pitango Soup Tomato Basil | 600g", "price": "$7.00", "price_calculation": "$1.17 per 100g", "category": "Dairy, Eggs & Fridge"},
{"title": "Easiyo Natural Unsweetened Yoghurt | 140g", "price": "$4.90", "price_calculation": "$3.50 per 100g", "category": "Dairy, Eggs & Fridge"},
{"title": "Aphrodite Haloumi By Will Studd | approx 100g", "price": "$5.10", "price_calculation": "$51.00 per 1kg", "category": "Deli"},
{"title": "Dari's Thai Prawn Soup | 600g", "price": "$9.95", "price_calculation": "$1.66 per 100g", "category": "Dairy, Eggs & Fridge"},
{"title": "Wildly Good Fritter Bites Cauliflower | 210g", "price": "$7.00", "price_calculation": "$3.33 per 100g", "category": "Dairy, Eggs & Fridge"},
{"title": "Easiyo Greek Style Coconut Yoghurt | 240g", "price": "$4.90", "price_calculation": "$2.04 per 100g", "category": "Dairy, Eggs & Fridge"},
{"title": "Coles Crumb & Cook Coconut & Kaffir Lime | 30g", "price": "$1.50", "price_calculation": "$50.02 per 1kg", "category": "Deli"},
{"title": "South Cape Camembert | 200g", "price": "$12.25", "price_calculation": "$61.25 per 1kg", "category": "Dairy, Eggs & Fridge"},
{"title": "Mersey Valley Summer Fruits Cheddar | 235g", "price": "$7.00", "price_calculation": "$29.79 per 1kg", "category": "Dairy, Eggs & Fridge"},
{"title": "Wildly Good Smoky Cauliflower Burgers 2 Pack | 250g", "price": "$5.00", "price_calculation": "$2.00 per 100g", "category": "Dairy, Eggs & Fridge"},
{"title": "OB Finest Mango Fruit Paste | 100g", "price": "$4.50", "price_calculation": "$4.50 per 100g", "category": "Deli"},
{"title": "Dari's Creamy Pumpkin Soup | 1.2kg", "price": "$12.45", "price_calculation": "$1.04 per 100g", "category": "Dairy, Eggs & Fridge"},
{"title": "South Cape Wedge Cheese Edam | 180g", "price": "$7.00", "price_calculation": "$38.89 per 1kg", "category": "Dairy, Eggs & Fridge"},
{"title": "Wildly Good Beetroot & Black Bean Burgers | 250g", "price": "$5.00", "price_calculation": "$2.00 per 100g", "category": "Dairy, Eggs & Fridge"},
{"title": "Coles Quiche Lorraine | 180g", "price": "$5.00", "price_calculation": "$2.78 per 100g", "category": "Deli"},
{"title": "Lemnos Haloumi | 600g", "price": "$16.00", "price_calculation": "$26.67 per 1kg", "category": "Dairy, Eggs & Fridge"},
{"title": "Castello Mellow Black | 150g", "price": "$7.50", "price_calculation": "$50.00 per 1kg", "category": "Dairy, Eggs & Fridge"},
{"title": "Mylife Biocheese Cheddar Ham And Crackers | 60g", "price": "$5.00", "price_calculation": "$8.33 per 100g", "category": "Dairy, Eggs & Fridge"},
{"title": "Yarra Valley Cheese Salted Honey Cow Cheese | 120g", "price": "$5.90", "price_calculation": "$49.17 per 1kg", "category": "Deli"},
{"title": "Coles Kitchen Cheese & Artisan Crackers | 40g", "price": "$2.30", "price_calculation": "$5.75 per 100g", "category": "Dairy, Eggs & Fridge"},
{"title": "Naturally Good Salted Caramel Messy Miracles 2 Pack | 65g", "price": "$8.00", "price_calculation": "$12.31 per 100g", "category": "Dairy, Eggs & Fridge"},
{"title": "Yarra Valley Cheese Fresh Goats Cheese | 80g", "price": "$5.50", "price_calculation": "$68.75 per 1kg", "category": "Dairy, Eggs & Fridge"},
{"title": "La Panzanella Mini Croccintini Original | 85g", "price": "$5.90", "price_calculation": "$6.94 per 100g", "category": "Deli"},
{"title": "Cafe Peak Mega Hit Iced Long Black Coffee | 240mL", "price": "$2.40", "price_calculation": "$10.00 per 1L", "category": "Dairy, Eggs & Fridge"},
{"title": "Castello Double Cream Truffle Cheese | 150g", "price": "$9.00", "price_calculation": "$60.00 per 1kg", "category": "Dairy, Eggs & Fridge"},
{"title": "Easiyo Vanilla Flavour Yoghurt | 230g", "price": "$5.70", "price_calculation": "$2.48 per 100g", "category": "Dairy, Eggs & Fridge"},
{"title": "Coles Deli Salads Tub Large Classic Potato | 1 each", "price": "$6.00", "price_calculation": "$6.00 per 1ea", "category": "Deli"},
{"title": "Fancy Plants Vanilla Chia Pod | 150g", "price": "$2.70", "price_calculation": "$1.80 per 100g", "category": "Dairy, Eggs & Fridge"},
{"title": "25 Degrees South Native Pumpkin Ricotta Ravioli | 325g", "price": "$9.00", "price_calculation": "$2.77 per 100g", "category": "Dairy, Eggs & Fridge"},
{"title": "Ashgrove Natural Wood Cold Smoked Havarti Cheese Block | 140g", "price": "$6.00", "price_calculation": "$42.86 per 1kg", "category": "Dairy, Eggs & Fridge"},
{"title": "Ricci's Bikkies Garlic Olive & Parmesan | 120g", "price": "$6.90", "price_calculation": "$5.75 per 100g", "category": "Deli"},
{"title": "Coles Tasty Cheese Slices Salami & Poppyseed Lavosh Crackers | 48g", "price": "$3.30", "price_calculation": "$6.88 per 100g", "category": "Dairy, Eggs & Fridge"},
{"title": "Primo Duo Cabanossi & Cheese 3Pack | 150g", "price": "$9.00", "price_calculation": "$6.00 per 100g", "category": "Dairy, Eggs & Fridge"},
{"title": "Eaty Gourmet Sausages Maple Bacon | 250g", "price": "$6.00", "price_calculation": "$2.40 per 100g", "category": "Dairy, Eggs & Fridge"},
{"title": "Coles Deli Large Greek Salad | 1 each", "price": "$7.00", "price_calculation": "$7.00 per 1ea", "category": "Deli"},
{"title": "Aunt Betty's Creamy Rice Vanilla 100g | 4 pack", "price": "$3.60", "price_calculation": "$0.90 per 100g", "category": "Dairy, Eggs & Fridge"},
{"title": "Cucina Classica All Arrabiata Penne | 300g", "price": "$9.90", "price_calculation": "$3.30 per 100g", "category": "Dairy, Eggs & Fridge"},
{"title": "Coles Nature's Kitchen Lentil Bolognese Ravioli | 350g", "price": "$6.20", "price_calculation": "$1.77 per 100g", "category": "Dairy, Eggs & Fridge"},
{"title": "Maggie Beer Pheasant Farm Pate | 120g", "price": "$7.30", "price_calculation": "$6.08 per 100g", "category": "Deli"},
{"title": "Primo Stacker Chicken Cheese & Rice Crackers | 45g", "price": "$3.70", "price_calculation": "$8.22 per 100g", "category": "Dairy, Eggs & Fridge"},
{"title": "Dari's Indonesian Crab & Corn Soup | 600g", "price": "$9.95", "price_calculation": "$1.66 per 100g", "category": "Dairy, Eggs & Fridge"},
{"title": "Maggie Beer Quince & Champagne Paste | 100g", "price": "$6.30", "price_calculation": "$63.00 per 1kg", "category": "Dairy, Eggs & Fridge"},
{"title": "Artisan Muscatels On Vine | 100g", "price": "$9.50", "price_calculation": "$95.00 per 1kg", "category": "Deli"},
{"title": "Red Rock Deli Roast Tomato Feta Basil And Cashew Dips | 150g", "price": "$4.00", "price_calculation": "$2.67 per 100g", "category": "Dairy, Eggs & Fridge"},
{"title": "Dari's Asian Chicken Soup | 600g", "price": "$9.95", "price_calculation": "$1.66 per 100g", "category": "Dairy, Eggs & Fridge"},
{"title": "Kido Daifuku Matcha Green Tea | 200g", "price": "$6.40", "price_calculation": "$3.20 per 100g", "category": "Dairy, Eggs & Fridge"},
{"title": "Coles Finest Tasmanian Goats Cheese | 300g", "price": "$10.70", "price_calculation": "$35.67 per 1kg", "category": "Deli"},
{"title": "Philadelphia Portions Cream Cheese Garlic Spread | 150g", "price": "$4.00", "price_calculation": "$26.67 per 1kg", "category": "Dairy, Eggs & Fridge"},
{"title": "Rana Filled Pasta Pumpkin & Cheese Tortellini | 565g", "price": "$10.00", "price_calculation": "$1.77 per 100g", "category": "Dairy, Eggs & Fridge"},
{"title": "Vegie Delights Tender 6 Fillets | 250g", "price": "$6.50", "price_calculation": "$2.60 per 100g", "category": "Dairy, Eggs & Fridge"},
{"title": "Quaranta Soft Nougat Cake Country Berries | 165g", "price": "$11.00", "price_calculation": "$6.67 per 100g", "category": "Deli"},
{"title": "Primo Cabanossi Jatz & Tasty Cheese | 50g", "price": "$4.25", "price_calculation": "$8.50 per 100g", "category": "Dairy, Eggs & Fridge"},
{"title": "Mifroma Le Gruyere Aop | 150g", "price": "$10.00", "price_calculation": "$66.67 per 1kg", "category": "Dairy, Eggs & Fridge"},
{"title": "Latina Vegetarian Pasta Filled Vegetarian Broc | 375g", "price": "$7.00", "price_calculation": "$1.87 per 100g", "category": "Dairy, Eggs & Fridge"},
{"title": "Coles Smoked Pork Bones | approx 1kg", "price": "$13.50", "price_calculation": "$13.50 per 1kg", "category": "Deli"},
{"title": "Dari's Table Pine Nut Hummus Dip | 200g", "price": "$4.50", "price_calculation": "$2.25 per 100g", "category": "Dairy, Eggs & Fridge"},
{"title": "Yarra Valley Cheese Persian Fetta Dill & Chive | 350g", "price": "$11.40", "price_calculation": "$32.57 per 1kg", "category": "Dairy, Eggs & Fridge"},
{"title": "Ipastai Tortellone Wagyu | 300g", "price": "$7.50", "price_calculation": "$2.50 per 100g", "category": "Dairy, Eggs & Fridge"},
{"title": "Coles Mediterranean Table Platter | 1 each", "price": "$35.00", "price_calculation": "$35.00 per 1ea", "category": "Deli"},
{"title": "Easiyo Greek Style Yoghurt Manuka Honey | 230g", "price": "$4.90", "price_calculation": "$2.13 per 100g", "category": "Dairy, Eggs & Fridge"},
{"title": "Youfoodz Fueld Loaded Mexican Chicken | 420g", "price": "$11.95", "price_calculation": "$2.85 per 100g", "category": "Dairy, Eggs & Fridge"},
{"title": "Moki Go Type-C Twin Pack 1.2M | 2 pack", "price": "$35.00", "price_calculation": "$17.50 per 1ea", "category": "Household"},
{"title": "Get Plant'd Meat-Free Roast Duck | 300g", "price": "$8.00", "price_calculation": "$2.67 per 100g", "category": "Dairy, Eggs & Fridge"},
{"title": "Coles Signature Grazing Platter | 1 each", "price": "$55.00", "price_calculation": "$55.00 per 1ea", "category": "Deli"},
{"title": "Coles Nature's Kitchen Curried Veggie Lentil Sausages | 250g", "price": "$5.00", "price_calculation": "$2.00 per 100g", "category": "Dairy, Eggs & Fridge"},
{"title": "Dari's Classic Chicken Noodle Soup | 1.2kg", "price": "$12.45", "price_calculation": "$1.04 per 100g", "category": "Dairy, Eggs & Fridge"},
{"title": "NRG 2M USB C To Lightning - White | 1 each", "price": "$35.00", "price_calculation": "$35.00 per 1ea", "category": "Household"},
{"title": "Coyo Organic Coconut Yoghurt Mango | 500g", "price": "$8.50", "price_calculation": "$1.70 per 100g", "category": "Dairy, Eggs & Fridge"},
{"title": "Coles Finest Red Leicester | approx 150g", "price": "$8.25", "price_calculation": "$55.00 per 1kg", "category": "Deli"},
{"title": "Get Plant'd Meat Free Ham Slices | 100g", "price": "$5.20", "price_calculation": "$5.20 per 100g", "category": "Dairy, Eggs & Fridge"},
{"title": "Herbert Adams Frittata Roasted Pumpkin Spinach & Feta | 700g", "price": "$17.90", "price_calculation": "$2.56 per 100g", "category": "Dairy, Eggs & Fridge"},
{"title": "OMO 3 In 1 Capsules Doy Odour | 50 pack", "price": "$35.00", "price_calculation": "$0.70 per 1ea", "category": "Household"},
{"title": "Snowdonia Black Bomber | 150g", "price": "$9.90", "price_calculation": "$66.00 per 1kg", "category": "Dairy, Eggs & Fridge"},
{"title": "Coles Deli Salad Tubs Snack Quinoa Tabouleah Salad | 1 each", "price": "$3.00", "price_calculation": "$3.00 per 1ea", "category": "Deli"},
{"title": "Coles Coconut Yoghurt Vanilla | 500g", "price": "$5.40", "price_calculation": "$1.08 per 100g", "category": "Dairy, Eggs & Fridge"},
{"title": "South Cape 4 Piece Cheese Selection Platter | 435g", "price": "$21.95", "price_calculation": "$50.46 per 1kg", "category": "Dairy, Eggs & Fridge"},
{"title": "Dynabook SM02 USB 2.0 Flash Drive 64GB | 1 each", "price": "$35.70", "price_calculation": "$35.70 per 1ea", "category": "Household"},
{"title": "Saunders Malt Extract | 1kg", "price": "$10.00", "price_calculation": "$1.00 per 100g", "category": "Dairy, Eggs & Fridge"},
{"title": "Coles Deli Express Lemon & Garlic Sicilian Olives | 110g", "price": "$3.50", "price_calculation": "$31.82 per 1kg", "category": "Deli"},
{"title": "Nakula Coconut Yoghurt Vanilla | 500g", "price": "$6.00", "price_calculation": "$1.20 per 100g", "category": "Dairy, Eggs & Fridge"},
{"title": "Dodoni Elco Feta Cheese | 1kg", "price": "$42.00", "price_calculation": "$42.00 per 1kg", "category": "Dairy, Eggs & Fridge"},
{"title": "Sunbeam Multigrinder 11 | 1 each", "price": "$36.00", "price_calculation": "$36.00 per 1ea", "category": "Household"},
{"title": "Carwari Red Miso | 500g", "price": "$19.25", "price_calculation": "$3.85 per 100g", "category": "Dairy, Eggs & Fridge"},
{"title": "Provedore Salami Crumb | 100g", "price": "$4.00", "price_calculation": "$40.00 per 1kg", "category": "Deli"},
{"title": "Vegie Delights Plant Based Chicken Style Sausages | 300g", "price": "$6.50", "price_calculation": "$2.17 per 100g", "category": "Dairy, Eggs & Fridge"},
{"title": "Thomson's Deli Devon | 100g", "price": "$1.30", "price_calculation": "$13.00 per 1kg", "category": "Dairy, Eggs & Fridge"},
{"title": "Curtis Stone Frypan 24Cm | 1 each", "price": "$36.00", "price_calculation": "$36.00 per 1ea", "category": "Household"},
{"title": "Cypriana Haloumi Block | 750g", "price": "$21.00", "price_calculation": "$28.00 per 1kg", "category": "Dairy, Eggs & Fridge"},
{"title": "OB Finest Fig Fruit Paste | 100g", "price": "$4.50", "price_calculation": "$4.50 per 100g", "category": "Deli"},
{"title": "Bio Cheese Grated Parmesano | 125g", "price": "$6.80", "price_calculation": "$54.40 per 1kg", "category": "Dairy, Eggs & Fridge"},
{"title": "Chobani No Sugar Added Yogurt Mango Passionfruit | 150g", "price": "$2.50", "price_calculation": "$1.67 per 100g", "category": "Dairy, Eggs & Fridge"},
{"title": "Crest Power Board 6 Socket 2 USB | 1 pack", "price": "$37.00", "price_calculation": "$37.00 per 1ea", "category": "Household"},
{"title": "Red Storm Vintage Red Leicester Cheddar | approx 100g", "price": "$6.90", "price_calculation": "$69.00 per 1kg", "category": "Dairy, Eggs & Fridge"},
{"title": "Valley Produce Co. Vegetable Flatbread  Beetroot Artisan Crackers | 130g", "price": "$4.90", "price_calculation": "$3.77 per 100g", "category": "Deli"},
{"title": "Coles Nature's Kitchen Meat Free Tenders 3 Pack | 240g", "price": "$7.00", "price_calculation": "$2.92 per 100g", "category": "Dairy, Eggs & Fridge"},
{"title": "Yumi's Sweet Chocolate Hazelnut Hommus | 190g", "price": "$3.00", "price_calculation": "$1.58 per 100g", "category": "Dairy, Eggs & Fridge"},
{"title": "Brita Water Filter Jug Marella Graphite 2.4L | 1 each", "price": "$38.00", "price_calculation": "$38.00 per 1ea", "category": "Household"},
{"title": "Mingle Seasoning Satay | 30g", "price": "$1.30", "price_calculation": "$4.33 per 100g", "category": "Dairy, Eggs & Fridge"},
{"title": "Valley Produce Co. Flatbread Sea Salt & Sesame Artisan Crackers | 130g", "price": "$4.90", "price_calculation": "$3.77 per 100g", "category": "Deli"},
{"title": "Cremeux Blue | 100g", "price": "$7.50", "price_calculation": "$75.00 per 1kg", "category": "Dairy, Eggs & Fridge"},
{"title": "Coles Kitchen Cranberry Vintage Cheese Water Crackers | 55g", "price": "$3.30", "price_calculation": "$6.00 per 100g", "category": "Dairy, Eggs & Fridge"},
{"title": "Outdoor Life Hardbody Cooler 26L | 1 each", "price": "$38.40", "price_calculation": null, "category": "Household"},
{"title": "Dairy Farmers Thickened Cream | 300mL", "price": null, "price_calculation": null, "category": "Dairy, Eggs & Fridge"},
{"title": "Coles Deli Salad Large Tubs Potato Egg & Bacon | 1 each", "price": "$7.00", "price_calculation": "$7.00 per 1ea", "category": "Deli"},
{"title": "Wildly Good Falafel Traditional Hummus Filled | 225g", "price": "$7.50", "price_calculation": "$3.33 per 100g", "category": "Dairy, Eggs & Fridge"},
{"title": "Primo Mild Twiggy Bites & 100'S & 1000'S | 43g", "price": "$3.70", "price_calculation": "$8.60 per 100g", "category": "Dairy, Eggs & Fridge"},
{"title": "Bosisto's Compact Stone Diffuser | 1 each", "price": "$39.00", "price_calculation": "$39.00 per 1ea", "category": "Household"},
{"title": "Big M Lactose Free Chocolate Milk | 500mL", "price": "$2.90", "price_calculation": "$5.80 per 1L", "category": "Dairy, Eggs & Fridge"},
{"title": "Coles Finest Australian Artisan Crispbread With Olive Oil And Sea Salt | 150g", "price": "$7.00", "price_calculation": "$4.67 per 100g", "category": "Deli"},
{"title": "Wildly Good Falafel Mediterranean Hummus Filled | 225g", "price": "$7.50", "price_calculation": "$3.33 per 100g", "category": "Dairy, Eggs & Fridge"},
{"title": "Coles Kitchen Pots Mixed Berry High Protein | 260g", "price": "$4.00", "price_calculation": "$1.54 per 100g", "category": "Dairy, Eggs & Fridge"},
{"title": "Thankyou Universal Cleaner Botanical Grapefruit Refill | 3L", "price": "$39.95", "price_calculation": "$13.32 per 1L", "category": "Household"},
{"title": "Emma & Toms Double Choc Oat Bite | 38g", "price": "$3.00", "price_calculation": "$7.89 per 100g", "category": "Dairy, Eggs & Fridge"},
{"title": "OB Finest Double Pack | 160g", "price": "$8.00", "price_calculation": "$5.00 per 100g", "category": "Deli"},
{"title": "Ipastai Raviolo Verde Spinach And Ricotta | 300g", "price": "$7.50", "price_calculation": "$2.50 per 100g", "category": "Dairy, Eggs & Fridge"},
{"title": "Coles Kitchen Pot Falafel Hummus | 85g", "price": "$4.00", "price_calculation": "$4.71 per 100g", "category": "Dairy, Eggs & Fridge"},
{"title": "Mortein Powergard Automatic System + Refill | 1 pack", "price": "$40.00", "price_calculation": "$40.00 per 1ea", "category": "Household"},
{"title": "Coles Kitchen Cheese Olives & Crackers | 60g", "price": "$3.30", "price_calculation": "$5.50 per 100g", "category": "Dairy, Eggs & Fridge"},
{"title": "Yarra Valley Cheese Goats Cheese | 120g", "price": "$8.20", "price_calculation": "$68.33 per 1kg", "category": "Deli"},
{"title": "Ipastai Basil Pesto Sauce | 180g", "price": "$7.50", "price_calculation": "$4.17 per 100g", "category": "Dairy, Eggs & Fridge"},
{"title": "Supafry Solid Cooking Oil | 500g", "price": "$4.50", "price_calculation": "$0.90 per 100g", "category": "Dairy, Eggs & Fridge"},
{"title": "Brita Classic Filter Cartridges | 3 pack", "price": "$40.00", "price_calculation": "$13.33 per 1ea", "category": "Household"},
{"title": "Bio Cheese Cheddar & Crackers | 50g", "price": "$3.65", "price_calculation": "$73.00 per 1kg", "category": "Dairy, Eggs & Fridge"},
{"title": "Artisan Whole Dried Cranberries | 100g", "price": "$9.00", "price_calculation": "$90.00 per 1kg", "category": "Deli"},
{"title": "Ipastai Bolognese Sauce | 300g", "price": "$7.50", "price_calculation": "$2.50 per 100g", "category": "Dairy, Eggs & Fridge"},
{"title": "Real Feast Pack Tasty Cheese Mild Salami & Crackers | 80g", "price": "$4.50", "price_calculation": "$5.63 per 100g", "category": "Dairy, Eggs & Fridge"},
{"title": "Curtis Stone Saucepan 18cm | 1 each", "price": "$40.00", "price_calculation": "$40.00 per 1ea", "category": "Household"},
{"title": "Dare Double Espresso Iced Coffee | 750mL", "price": "$4.80", "price_calculation": "$6.40 per 1L", "category": "Dairy, Eggs & Fridge"},
{"title": "Yumi's Chilli Lime Aioli | 200g", "price": "$3.70", "price_calculation": "$1.85 per 100g", "category": "Dairy, Eggs & Fridge"},
{"title": "Coles Deli Meredith Dairy Ash Chevre | 150g", "price": "$9.00", "price_calculation": "$60.00 per 1kg", "category": "Deli"},
{"title": "Ipastai Carbonara Sauce | 300g", "price": "$7.50", "price_calculation": "$2.50 per 100g", "category": "Dairy, Eggs & Fridge"},
{"title": "Blue Lotus Dairy Free Tofu Organic | 250g", "price": "$4.50", "price_calculation": "$1.80 per 100g", "category": "Dairy, Eggs & Fridge"},
{"title": "Mortein Naturgard Automatic Eucalyptus Primary | 152g", "price": "$40.00", "price_calculation": "$40.00 per 1ea", "category": "Household"},
{"title": "Bega Stringers Original Cheese 8 pack | 160g", "price": "$6.50", "price_calculation": "$40.63 per 1kg", "category": "Dairy, Eggs & Fridge"},
{"title": "Wik Dripping | 500g", "price": "$4.20", "price_calculation": "$0.84 per 100g", "category": "Dairy, Eggs & Fridge"},
{"title": "Ob Finest 3 Cheese Crisps With Chilli | 85g", "price": "$9.40", "price_calculation": "$11.06 per 100g", "category": "Deli"},
{"title": "Get Plant'd Meat Free Roast Chicken | 300g", "price": "$8.00", "price_calculation": "$2.67 per 100g", "category": "Dairy, Eggs & Fridge"},
{"title": "Easiyo Yogurt Greek Style Blueberry | 230g", "price": "$4.90", "price_calculation": "$2.13 per 100g", "category": "Dairy, Eggs & Fridge"},
{"title": "Seiki 1000 Watt Quartz Heater | 1 each", "price": "$40.00", "price_calculation": "$40.00 per 1ea", "category": "Household"},
{"title": "A2 Lactose Free Light Milk | 2L", "price": "$6.80", "price_calculation": "$3.40 per 1L", "category": "Dairy, Eggs & Fridge"},
{"title": "Thomson's Deli Devon | 1kg", "price": "$3.30", "price_calculation": "$3.30 per 1kg", "category": "Deli"},
{"title": "Primo Cheesy Kabana Cheddar Shapes & Tasy Cheese | 53g", "price": "$4.25", "price_calculation": "$8.02 per 100g", "category": "Dairy, Eggs & Fridge"},
{"title": "Delicias Quince Paste | 240g", "price": "$10.00", "price_calculation": "$4.17 per 100g", "category": "Deli"},
{"title": "Coles Finest Spanish Truffle Cheese | 140g", "price": "$8.30", "price_calculation": "$59.29 per 1kg", "category": "Dairy, Eggs & Fridge"},
{"title": "Coles Nature's Kitchen Savoury Mushroom Caramelised Onion Burgers | 250g", "price": "$5.00", "price_calculation": "$2.00 per 100g", "category": "Dairy, Eggs & Fridge"},
{"title": "Sistema Bake It Containers | 9 pack", "price": null, "price_calculation": null, "category": "Household"},
{"title": "Coles Deli Fromager D'Affinois | approx200g", "price": "$12.00", "price_calculation": "$60.00 per 1kg", "category": "Dairy, Eggs & Fridge"},
{"title": "Casale Parma Matonella | approx 100g", "price": "$4.59", "price_calculation": "$45.90 per 1kg", "category": "Deli"},
{"title": "York Foods Lard | 250g", "price": "$4.50", "price_calculation": "$1.80 per 100g", "category": "Dairy, Eggs & Fridge"},
{"title": "Coles Deli Salads Tub Jumbo Classic Potato | 1 each", "price": "$10.00", "price_calculation": "$10.00 per 1ea", "category": "Deli"},
{"title": "Tidbit Gorgonzola Dolce Dop | 200g", "price": "$8.50", "price_calculation": "$42.50 per 1kg", "category": "Dairy, Eggs & Fridge"},
{"title": "Meredith Dairy Goats Cheese Chevre Dill | 80g", "price": "$5.00", "price_calculation": "$62.50 per 1kg", "category": "Dairy, Eggs & Fridge"},
{"title": "Mortein Power Gard DIY Indoor & Outdoor Surface Spray | 2L", "price": "$40.00", "price_calculation": "$2.00 per 100mL", "category": "Household"},
{"title": "Vaalia Kids Pouch Yoghurt Blueberry | 140g", "price": "$1.60", "price_calculation": "$1.14 per 100g", "category": "Dairy, Eggs & Fridge"},
{"title": "Primo Mild Cacciatori Salami | 1 each", "price": "$5.50", "price_calculation": "$5.50 per 1ea", "category": "Deli"},
{"title": "Coles Kitchen Potato Gnocchi | 500g", "price": "$4.60", "price_calculation": "$0.92 per 100g", "category": "Dairy, Eggs & Fridge"},
{"title": "Coles Deli Salads Tub Jumbo Classic Pasta | 1 each", "price": "$10.00", "price_calculation": "$10.00 per 1ea", "category": "Deli"},
{"title": "Real Tasty Cheese Hungarian Salami & Rice Crackers 3 Pack | 150g", "price": "$8.95", "price_calculation": "$59.67 per 1kg", "category": "Dairy, Eggs & Fridge"},
{"title": "Coles Perform Build Bolognese Sauce | 300g", "price": "$5.00", "price_calculation": "$1.67 per 100g", "category": "Dairy, Eggs & Fridge"},
{"title": "Oates All Australian Mop Bucket 9L | 1 each", "price": "$41.90", "price_calculation": "$41.90 per 1ea", "category": "Household"},
{"title": "Big M Strawberry Flavoured Milk | 300mL", "price": "$1.90", "price_calculation": "$6.33 per 1L", "category": "Dairy, Eggs & Fridge"},
{"title": "Normandie Mixed Pate Pods 4 pack | 200g", "price": "$7.30", "price_calculation": "$3.65 per 100g", "category": "Deli"},
{"title": "Coles Kitchen Pumpkin Gnocchi | 500g", "price": "$4.60", "price_calculation": "$0.92 per 100g", "category": "Dairy, Eggs & Fridge"},
{"title": "Coles Deli Salads Tub Jumbo Classic Coleslaw | 1 each", "price": "$10.00", "price_calculation": "$10.00 per 1ea", "category": "Deli"},
{"title": "Bio Shredded Cheddar Cheese | 200g", "price": "$9.00", "price_calculation": "$45.00 per 1kg", "category": "Dairy, Eggs & Fridge"},
{"title": "Deli-Licious Hungarian Style Salami | 100g", "price": "$5.50", "price_calculation": "$55.00 per 1kg", "category": "Dairy, Eggs & Fridge"},
{"title": "Asena Gaming Headset Wired With RGB | 1 each", "price": "$42.00", "price_calculation": "$42.00 per 1ea", "category": "Household"},
{"title": "Dare Mocha Iced Coffee | 500mL", "price": "$2.90", "price_calculation": "$5.80 per 1L", "category": "Dairy, Eggs & Fridge"},
{"title": "Fragassi Arrabbiata Pasta Sauce | 500g", "price": "$8.30", "price_calculation": "$1.66 per 100g", "category": "Deli"},
{"title": "Sunrise Free Range Eggs 12 Pack | 600g", "price": "$5.00", "price_calculation": "$0.83 per 100g", "category": "Dairy, Eggs & Fridge"},
{"title": "Quaranta Nougat Cakes Strawberry & Cream | 165g", "price": "$11.00", "price_calculation": "$6.67 per 100g", "category": "Deli"},
{"title": "Ashgrove Signature Red Leicester | 150g", "price": "$9.50", "price_calculation": "$63.34 per 1kg", "category": "Dairy, Eggs & Fridge"},
{"title": "Coles Spanish Iberico | 150g", "price": "$6.00", "price_calculation": "$40.00 per 1kg", "category": "Dairy, Eggs & Fridge"},
{"title": "Seiki 1500 Watt Personal Ceramic Heater | 1 each", "price": "$45.00", "price_calculation": "$45.00 per 1ea", "category": "Household"},
{"title": "Pauls Zymil Low Fat Long Life Milk | 1L", "price": "$3.00", "price_calculation": "$3.00 per 1L", "category": "Dairy, Eggs & Fridge"},
{"title": "Fromager D' Affinois Excellence Cheese | approx200g", "price": "$13.40", "price_calculation": "$67.00 per 1kg", "category": "Deli"},
{"title": "Valley Park Farm Free Range Eggs 12 Pack | 700g", "price": "$5.20", "price_calculation": "$0.74 per 100g", "category": "Dairy, Eggs & Fridge"},
{"title": "Coles Finest Grana Padano DOP | 200g", "price": "$11.50", "price_calculation": "$57.50 per 1kg", "category": "Deli"},
{"title": "Vagne Comte 8 Months | 175g", "price": "$10.70", "price_calculation": "$61.15 per 1kg", "category": "Dairy, Eggs & Fridge"},
{"title": "Veef Planted Based Crumbed Chicken Tenders | 210g", "price": "$6.00", "price_calculation": "$2.86 per 100g", "category": "Dairy, Eggs & Fridge"},
{"title": "Tefal Inspire Frypan 26cm | 1 each", "price": "$47.00", "price_calculation": "$47.00 per 1ea", "category": "Household"},
{"title": "Devondale Full Cream Long Life Milk | 2L", "price": "$3.90", "price_calculation": "$1.95 per 1L", "category": "Dairy, Eggs & Fridge"},
{"title": "Comte Block Aop 6/8 Months | approx 100g", "price": "$7.00", "price_calculation": "$70.00 per 1kg", "category": "Deli"},
{"title": "Riverina Dairy Fetta Basil Pesto | 200g", "price": "$5.30", "price_calculation": "$26.50 per 1kg", "category": "Dairy, Eggs & Fridge"},
{"title": "Coles Deli Bulk Pasta Classic Salad | 1 each", "price": "$12.00", "price_calculation": "$12.00 per 1ea", "category": "Deli"},
{"title": "South Cape Classic Marinated Fetta  | 350g", "price": "$11.50", "price_calculation": "$32.86 per 1kg", "category": "Dairy, Eggs & Fridge"},
{"title": "Yumi's Limited Edition Burger | 220g", "price": "$6.00", "price_calculation": "$2.73 per 100g", "category": "Dairy, Eggs & Fridge"},
{"title": "Finish Quantum Ultimate Pro Baking Soda | 32 pack", "price": "$48.00", "price_calculation": "$1.50 per 1ea", "category": "Household"},
{"title": "A2 Lactose Free Light Milk | 1L", "price": "$3.90", "price_calculation": "$3.90 per 1L", "category": "Dairy, Eggs & Fridge"},
{"title": "Moira Mac's Snackers Classic Mini Chicken Kebabs | 90g", "price": "$2.00", "price_calculation": "$22.22 per 1kg", "category": "Deli"},
{"title": "Sunrise Free Range Eggs 12 Pack | 700g", "price": "$5.50", "price_calculation": "$0.79 per 100g", "category": "Dairy, Eggs & Fridge"},
{"title": "Coles Deli Salads Tub Bulk Classic Potato | 1 each", "price": "$12.00", "price_calculation": "$12.00 per 1ea", "category": "Deli"},
{"title": "Dari's Lentil Soup | 1.2kg", "price": "$12.45", "price_calculation": "$1.04 per 100g", "category": "Dairy, Eggs & Fridge"},
{"title": "Kido Daifuku Melon | 200g", "price": "$6.40", "price_calculation": "$3.20 per 100g", "category": "Dairy, Eggs & Fridge"},
{"title": "Seiki 5 Fin Column Oil Heater | 1 each", "price": "$49.00", "price_calculation": "$49.00 per 1ea", "category": "Household"},
{"title": "Coles Natural Pot Set Yoghurt | 1kg", "price": "$4.50", "price_calculation": "$0.45 per 100g", "category": "Dairy, Eggs & Fridge"},
{"title": "Thomson's Deli Shaved Leg Ham | 100g", "price": "$2.10", "price_calculation": "$21.00 per 1kg", "category": "Deli"},
{"title": "Dairy Farmers Fresh Cream | 500mL", "price": null, "price_calculation": null, "category": "Dairy, Eggs & Fridge"},
{"title": "Ivans Cottage Pie | 600g", "price": "$13.00", "price_calculation": "$2.17 per 100g", "category": "Deli"},
{"title": "Bio Cheese Marinated Fetta | 300g", "price": "$15.00", "price_calculation": "$50.00 per 1kg", "category": "Dairy, Eggs & Fridge"},
{"title": "Bean Supreme Parsley Sage & Rosemary Sausages 6 Pack | 375g", "price": "$7.00", "price_calculation": "$1.87 per 100g", "category": "Dairy, Eggs & Fridge"},
{"title": "Blaupunkt Projector | 1 each", "price": "$99.99", "price_calculation": "$99.99 per 1ea", "category": "Household"},
{"title": "Coles Deli Danish Fetta Cheese | approx 100g", "price": "$2.13", "price_calculation": "$21.30 per 1kg", "category": "Dairy, Eggs & Fridge"},
{"title": "Provedore Pancetta Crumb | 100g", "price": "$4.00", "price_calculation": "$40.00 per 1kg", "category": "Deli"},
{"title": "Easiyo Strawberry Yoghurt | 230g", "price": "$5.70", "price_calculation": "$2.48 per 100g", "category": "Dairy, Eggs & Fridge"},
{"title": "KB's Deli Thawed MSC WA Cooked Rock Lobster | 1 each", "price": "$27.00", "price_calculation": "$27.00 per 1ea", "category": "Deli"},
{"title": "Keep It Cleaner Kimchi Slaw | 950g", "price": "$19.00", "price_calculation": "$2.00 per 100g", "category": "Dairy, Eggs & Fridge"},
{"title": "Pitango Free Range Chicken Sweet Corn & Noodle Soup | 600g", "price": "$7.00", "price_calculation": "$1.17 per 100g", "category": "Dairy, Eggs & Fridge"},
{"title": "Blaupunkt 4 In 1 Wireless Charging Dock | 1 each", "price": "$49.99", "price_calculation": "$49.99 per 1ea", "category": "Household"},
{"title": "Danone YoPro Strawberry Yoghurt | 160g", "price": "$3.00", "price_calculation": "$1.88 per 100g", "category": "Dairy, Eggs & Fridge"},
{"title": "Coles Spicy Calabrese Salami | 150g", "price": "$7.50", "price_calculation": "$50.00 per 1kg", "category": "Deli"},
{"title": "Red Storm Vintage Red Leicester Cheddar | approx 100g", "price": "$6.90", "price_calculation": "$69.00 per 1kg", "category": "Deli"},
{"title": "Yoplait Pouch Cola Spider | 130g", "price": "$1.80", "price_calculation": "$1.38 per 100g", "category": "Dairy, Eggs & Fridge"},
{"title": "Harvest Gourmet Sensational Classic Chicken Chilled | 160g", "price": "$7.00", "price_calculation": "$4.38 per 100g", "category": "Dairy, Eggs & Fridge"},
{"title": "NRG True Wireless Earphone | 1 each", "price": "$50.00", "price_calculation": "$50.00 per 1ea", "category": "Household"},
{"title": "Coles Unsalted Butter | 250g", "price": "$4.30", "price_calculation": "$1.72 per 100g", "category": "Dairy, Eggs & Fridge"},
{"title": "Primo Middle Bacon | 750g", "price": "$11.00", "price_calculation": "$14.67 per 1kg", "category": "Deli"},
{"title": "Coles Crumb & Cook Lemon & Herb | 30g", "price": "$1.50", "price_calculation": "$50.02 per 1kg", "category": "Deli"},
{"title": "Youfoodz Cinnamon Blondie Bite | 40g", "price": "$3.00", "price_calculation": "$7.50 per 100g", "category": "Dairy, Eggs & Fridge"},
{"title": "Chris' Deli Dip Sundried Tomato Cashew & Feta | 170g", "price": "$7.50", "price_calculation": "$4.41 per 100g", "category": "Dairy, Eggs & Fridge"},
{"title": "Audeeo Indulge Wireless Bluetooth Headphones | 1 Pack", "price": "$52.50", "price_calculation": "$52.50 per 1ea", "category": "Household"},
{"title": "Coles Cheesey Peelers 8x20g | 160g", "price": "$4.80", "price_calculation": "$30.00 per 1kg", "category": "Dairy, Eggs & Fridge"},
{"title": "La Casa Del Formaggio Reduced Fat Ricotta | approx 100g", "price": "$1.18", "price_calculation": "$11.80 per 1kg", "category": "Deli"},
{"title": "Coles Deli Salads Tub Snack Classic Potato | 1 each", "price": "$2.00", "price_calculation": "$2.00 per 1ea", "category": "Deli"},
{"title": "Coles Cheese Bites Chorizo & Mini Preztels | 50g", "price": "$3.30", "price_calculation": "$6.60 per 100g", "category": "Dairy, Eggs & Fridge"},
{"title": "Ipastai Tortellini Chicken Sundried Tomato | 300g", "price": "$7.50", "price_calculation": "$2.50 per 100g", "category": "Dairy, Eggs & Fridge"},
{"title": "Brita Water Filter Jug Starter Pack Marella XL White 3.5L | 1 each", "price": "$54.00", "price_calculation": "$54.00 per 1ea", "category": "Household"},
{"title": "Dari's Hearty Chicken Soup | 550g", "price": "$5.50", "price_calculation": "$1.00 per 100g", "category": "Dairy, Eggs & Fridge"},
{"title": "Bertocchi Pepper Mortadella | approx 125g", "price": "$1.75", "price_calculation": "$14.00 per 1kg", "category": "Deli"},
{"title": "Lemnos Haloumi Slices | 200g", "price": "$8.00", "price_calculation": "$40.00 per 1kg", "category": "Dairy, Eggs & Fridge"},
{"title": "Dymo Letra Tag Labeller Blue | 1 each", "price": "$55.00", "price_calculation": null, "category": "Household"},
{"title": "Mil Lel Shaved Parmesan | 170g", "price": "$6.20", "price_calculation": "$36.47 per 1kg", "category": "Dairy, Eggs & Fridge"},
{"title": "Coles Finest Quince Paste | 100g", "price": "$3.15", "price_calculation": "$3.15 per 100g", "category": "Deli"},
{"title": "Naturally Good Choc Chip Mess Miracles 2 Pack | 65g", "price": "$8.00", "price_calculation": "$12.31 per 100g", "category": "Dairy, Eggs & Fridge"},
{"title": "Sunbeam 2 Slice Snackmaker | 1 each", "price": "$55.00", "price_calculation": "$55.00 per 1ea", "category": "Household"},
{"title": "Mainland Butter Soft Salted Spreadable Butter | 375g", "price": "$7.50", "price_calculation": "$2.00 per 100g", "category": "Dairy, Eggs & Fridge"},
{"title": "Coles Deli Salads Tub Small Classic Coleslaw | 1 each", "price": "$4.00", "price_calculation": "$4.00 per 1ea", "category": "Deli"},
{"title": "Tefal City Cook Frypan 32cm | 1 each", "price": "$57.00", "price_calculation": null, "category": "Household"},
{"title": "Vaalia Kids Vanilla Yoghurt Pouch | 140g", "price": "$1.60", "price_calculation": "$1.14 per 100g", "category": "Dairy, Eggs & Fridge"},
{"title": "Coles Deli Express Double Smoked Ham | 150g", "price": "$6.40", "price_calculation": "$42.67 per 1kg", "category": "Deli"},
{"title": "Telstra Lite 3 | 1 each", "price": "$59.00", "price_calculation": "$59.00 per 1ea", "category": "Household"},
{"title": "Dairy Farmers Thick & Creamy Mango Passionfruit Yoghurt | 150g", "price": "$2.50", "price_calculation": "$1.67 per 100g", "category": "Dairy, Eggs & Fridge"},
{"title": "Port Salut Depuis | 150g", "price": "$9.50", "price_calculation": "$63.34 per 1kg", "category": "Deli"},
{"title": "Seiki 1500 Watt 360 Degree Ceramic Heater | 1 each", "price": "$59.00", "price_calculation": "$59.00 per 1ea", "category": "Household"},
{"title": "Vitasoy Calci-Plus Long Life Soy Milk 1L | 1L", "price": "$3.00", "price_calculation": "$3.00 per 1L", "category": "Dairy, Eggs & Fridge"},
{"title": "Gotzinger Cheese Kransky | 400g", "price": "$10.00", "price_calculation": "$25.00 per 1kg", "category": "Deli"},
{"title": "Sabco Clean Ease Flat Mop Wringer Set | 1 each", "price": "$66.00", "price_calculation": "$66.00 per 1ea", "category": "Household"},
{"title": "Primo Short Cut Bacon | 200g", "price": "$5.00", "price_calculation": "$25.00 per 1kg", "category": "Dairy, Eggs & Fridge"},
{"title": "Gs Premium Margherita Pizza | 500g", "price": "$12.00", "price_calculation": "$2.40 per 100g", "category": "Deli"},
{"title": "Telstra MF910Y Wi-Fi 4GX | 1 each", "price": "$79.00", "price_calculation": "$79.00 per 1ea", "category": "Household"},
{"title": "Bega Strong & Bitey Dairy Cheese Vintage Block | 500g", "price": "$9.50", "price_calculation": "$19.00 per 1kg", "category": "Dairy, Eggs & Fridge"},
{"title": "Coles Classic Homestyle No Added Hormones Hot Beef Brisket | 1 each", "price": null, "price_calculation": null, "category": "Deli"},
{"title": "Telstra Smart 2.1 | 1 each", "price": "$79.00", "price_calculation": "$79.00 per 1ea", "category": "Household"},
{"title": "Coles Butter | 250g", "price": "$4.30", "price_calculation": "$1.72 per 100g", "category": "Dairy, Eggs & Fridge"},
{"title": "D'argental Washed Rind Brie Cheese | approx150g", "price": "$11.25", "price_calculation": "$75.01 per 1kg", "category": "Deli"},
{"title": "Optus Portable Modem | 1 each", "price": "$79.00", "price_calculation": "$79.00 per 1ea", "category": "Household"},
{"title": "Rokeby Farms Nas Banana Honey Cinnamon Smoothie | 425mL", "price": "$4.50", "price_calculation": "$10.59 per 1L", "category": "Dairy, Eggs & Fridge"},
{"title": "Coles Deli Thawed Prawn Skewers Garlic | 1 each", "price": "$1.25", "price_calculation": "$1.25 per 1ea", "category": "Deli"},
{"title": "Optus X Start 3 | 1 each", "price": "$79.00", "price_calculation": "$79.00 per 1ea", "category": "Household"},
{"title": "Yoplait Strawberry Yoghurt | 1kg", "price": "$4.50", "price_calculation": "$0.45 per 100g", "category": "Dairy, Eggs & Fridge"},
{"title": "Coles Australian Made Sliced Honey Ham | 150g", "price": "$5.70", "price_calculation": "$38.00 per 1kg", "category": "Deli"},
{"title": "Sodastream Spirit White Sparkling Water Maker | 1 each", "price": "$99.00", "price_calculation": "$99.00 per 1ea", "category": "Household"},
{"title": "Gippsland Dairy Smooth & Creamy Twist Yoghurt | 700g", "price": "$5.00", "price_calculation": "$0.71 per 100g", "category": "Dairy, Eggs & Fridge"},
{"title": "Provedore Garlic & Fennel Salami | 100g", "price": "$6.00", "price_calculation": "$60.00 per 1kg", "category": "Deli"},
{"title": "Sodastream Sparkling Water Maker Spirit Black | 1 each", "price": "$99.00", "price_calculation": "$99.00 per 1ea", "category": "Household"},
{"title": "Oatly Oat Milk Barista Edition | 1L", "price": "$5.50", "price_calculation": "$5.50 per 1L", "category": "Dairy, Eggs & Fridge"},
{"title": "Coles Dolmades Large Round 12 Pack | 280g", "price": "$6.50", "price_calculation": "$2.32 per 100g", "category": "Deli"},
{"title": "Telstra ZTE Blade A52 | 1 each", "price": "$99.00", "price_calculation": "$99.00 per 1ea", "category": "Household"},
{"title": "Philadelphia Soft Cream Cheese Tub | 250g", "price": "$5.70", "price_calculation": "$22.80 per 1kg", "category": "Dairy, Eggs & Fridge"},
{"title": "OB Finest Gluten Free Pistachio & Fig Speciality Crackers | 130g", "price": "$6.50", "price_calculation": "$5.00 per 100g", "category": "Deli"},
{"title": "Telstra Telstra Essential Pro 3 | 1 each", "price": "$129.00", "price_calculation": "$129.00 per 1ea", "category": "Household"},
{"title": "Bulla Dairy Low Fat Plain Cottage Cheese | 500g", "price": "$6.00", "price_calculation": "$12.00 per 1kg", "category": "Dairy, Eggs & Fridge"},
{"title": "Primo Cocktail Frankfurts | 1 kg", "price": "$7.40", "price_calculation": "$7.40 per 1kg", "category": "Deli"},
{"title": "Optus X Pro 2 | 1 each", "price": "$129.00", "price_calculation": "$129.00 per 1ea", "category": "Household"},
{"title": "Moorabool Valley Free Range Eggs 12 Pack | 700g", "price": "$7.90", "price_calculation": "$1.13 per 100g", "category": "Dairy, Eggs & Fridge"},
{"title": "Don Hot Hungarian Salami | 200g", "price": "$8.50", "price_calculation": "$4.25 per 100g", "category": "Deli"},
{"title": "Vodafone V Smart 4G | 1 each", "price": "$129.00", "price_calculation": "$129.00 per 1ea", "category": "Household"},
{"title": "Coles Nature's Kitchen Firm Tofu | 300g", "price": "$2.30", "price_calculation": "$0.77 per 100g", "category": "Dairy, Eggs & Fridge"},
{"title": "Bodalla Vintage Cheddar | approx 100g", "price": "$5.00", "price_calculation": "$50.00 per 1kg", "category": "Deli"},
{"title": "Telstra Orbic Tab8 32GB 4G | 1 each", "price": "$149.00", "price_calculation": "$149.00 per 1ea", "category": "Household"},
{"title": "Don Honey Leg Ham | 200g", "price": "$3.20", "price_calculation": "$16.00 per 1kg", "category": "Dairy, Eggs & Fridge"},
{"title": "Udder Delights Truffle Brie | approx 100g", "price": "$5.00", "price_calculation": "$50.00 per 1kg", "category": "Deli"},
{"title": "Vodafone Oppo A57 4G Black | 1 each", "price": "$179.00", "price_calculation": "$179.00 per 1ea", "category": "Household"},
{"title": "Oak Paddle Pop Flavoured Milk | 600mL", "price": "$3.80", "price_calculation": "$6.33 per 1L", "category": "Dairy, Eggs & Fridge"},
{"title": "Primo Cafe Beef Mild Fajita | 140g", "price": "$5.00", "price_calculation": "$35.71 per 1kg", "category": "Deli"},
{"title": "Dairy Farmers Thick & Creamy Yoghurt Vanilla | 600g", "price": "$4.50", "price_calculation": "$0.75 per 100g", "category": "Dairy, Eggs & Fridge"},
{"title": "Provedore Mild Chorizo Salami | 100g", "price": "$6.00", "price_calculation": "$60.00 per 1kg", "category": "Deli"},
{"title": "Yoplait Mango Yoghurt | 1kg", "price": "$4.50", "price_calculation": "$0.45 per 100g", "category": "Dairy, Eggs & Fridge"},
{"title": "GS Sicilian Olives | 250g", "price": "$6.00", "price_calculation": "$24.00 per 1kg", "category": "Deli"},
{"title": "Bulla Aussie Style Mango | 160g", "price": "$2.40", "price_calculation": "$1.50 per 100g", "category": "Dairy, Eggs & Fridge"},
{"title": "Hedys Quiche Spinach Parmesan | 1.1kg", "price": "$14.50", "price_calculation": "$1.32 per 100g", "category": "Deli"},
{"title": "Devondale Salted Butter | 250g", "price": "$4.20", "price_calculation": "$1.68 per 100g", "category": "Dairy, Eggs & Fridge"},
{"title": "Hedys Quiche Lorraine | 1.1kg", "price": "$14.50", "price_calculation": "$1.32 per 100g", "category": "Deli"},
{"title": "Coles Kitchen Egg & Mayo Sandwich | 127g", "price": "$4.30", "price_calculation": "$3.39 per 100g", "category": "Dairy, Eggs & Fridge"},
{"title": "Primo Hickory Smoked Rindless Middle Bacon | approx 100g", "price": "$2.35", "price_calculation": "$23.50 per 1kg", "category": "Deli"},
{"title": "Farmers Union Greek Style Yoghurt | 130g", "price": "$1.20", "price_calculation": "$0.92 per 100g", "category": "Dairy, Eggs & Fridge"},
{"title": "British Truffle Cheddar | approx 100g", "price": "$4.50", "price_calculation": "$45.00 per 1kg", "category": "Deli"},
{"title": "Pureharvest Organic Long Life Oat Milk | 1L", "price": "$2.00", "price_calculation": "$2.00 per 1L", "category": "Dairy, Eggs & Fridge"},
{"title": "Coles Finest British Yorkshire Wensleydale PGI With Cranberries Raw | approx 200g", "price": "$10.00", "price_calculation": "$50.00 per 1kg", "category": "Deli"},
{"title": "Jalna Pot Set Yoghurt Natural Greek | 170g", "price": "$2.15", "price_calculation": "$1.26 per 100g", "category": "Dairy, Eggs & Fridge"},
{"title": "Clawson Long Blue Stilton | approx 100g", "price": "$5.50", "price_calculation": "$55.00 per 1kg", "category": "Deli"},
{"title": "Pauls Smarter White Milk Only 2% Fat | 1L", "price": "$3.10", "price_calculation": "$3.10 per 1L", "category": "Dairy, Eggs & Fridge"},
{"title": "Udder Delights Heysen Blue Vein Wheel | approx 100g", "price": "$5.75", "price_calculation": "$57.50 per 1kg", "category": "Deli"},
{"title": "Nuttelex Olive Spread | 500g", "price": "$4.75", "price_calculation": "$0.95 per 100g", "category": "Dairy, Eggs & Fridge"},
{"title": "Hans Striker Mild Salami Sticks | 15g", "price": "$1.00", "price_calculation": "$66.71 per 1kg", "category": "Deli"},
{"title": "Meggles Free Range Eggs Xlarge 12 Pack | 700g", "price": "$5.20", "price_calculation": "$0.74 per 100g", "category": "Dairy, Eggs & Fridge"},
{"title": "Coles Mild Hungarian Salami | 200g", "price": "$6.90", "price_calculation": "$34.50 per 1kg", "category": "Deli"},
{"title": "Coles Organic Full Cream Milk | 1L", "price": null, "price_calculation": null, "category": "Dairy, Eggs & Fridge"},
{"title": "Coles Deli Colossal Kalamata Olives | approx 100g", "price": "$2.00", "price_calculation": "$20.00 per 1kg", "category": "Deli"},
{"title": "Coles Semi Dried Tomatoes Kalamata Fetta | appox. 100g", "price": "$2.80", "price_calculation": "$28.00 per 1kg", "category": "Deli"},
{"title": "Casalingo Heritage Ham | approx 100g", "price": "$3.65", "price_calculation": "$36.50 per 1kg", "category": "Deli"},
{"title": "Udder Delights Brie | approx100g", "price": "$4.60", "price_calculation": "$46.00 per 1kg", "category": "Deli"},
{"title": "Muscle Nation Custard Casein Protein Powder Cookies & Cream | 100g", "price": null, "price_calculation": null, "category": "Pantry"},
{"title": "Muscle Nation Protein Chocolate Funfetti Cake | 100g", "price": null, "price_calculation": null, "category": "Pantry"},
{"title": "Dilmah 85 Reserve Ceylon Green Tea & Mint Tin | 20 pack", "price": null, "price_calculation": null, "category": "Pantry"},
{"title": "Muscle Nation Protein Chocolate Hazelnut | 100g", "price": null, "price_calculation": null, "category": "Pantry"},
{"title": "Lavazza Tales Of Italy Alluring Napoli Ground Coffee | 250g", "price": null, "price_calculation": null, "category": "Pantry"},
{"title": "Noshu Low Carb Chocolate Mint Indulgence Bars | 150g", "price": null, "price_calculation": null, "category": "Pantry"},
{"title": "Lavazza Tales Of Italy Eternal Roma Ground Coffee | 250g", "price": null, "price_calculation": null, "category": "Pantry"},
{"title": "Nescafe Ristretto Ardenza Capsules 16 Pack | 16 pack", "price": null, "price_calculation": null, "category": "Pantry"},
{"title": "Atkins Low Carb Cappucino Nut Bars 5 Pack | 185g", "price": "$14.00", "price_calculation": "$7.57 per 100g", "category": "Pantry"},
{"title": "Artisan Sour Red Cherries | 90g", "price": "$9.00", "price_calculation": "$100.01 per 1kg", "category": "Pantry"},
{"title": "Mavella Superfoods Gut Boost | 100g", "price": "$14.95", "price_calculation": "$14.95 per 100g", "category": "Pantry"},
{"title": "Uncle Tobys Le Snak French Onion Cheese Dip And Crackers 12 pack | 264g", "price": "$9.00", "price_calculation": "$3.41 per 100g", "category": "Pantry"},
{"title": "Mavella Superfoods New Zealand Grown Purple Carrot | 100g", "price": "$14.95", "price_calculation": "$14.95 per 100g", "category": "Pantry"},
{"title": "Plenty Cold Pressed Macadamia Oil | 375mL", "price": "$9.00", "price_calculation": "$2.40 per 100mL", "category": "Pantry"},
{"title": "Queen Celebrating 120 Years Master Blend Pure Vanilla Extract | 100mL", "price": "$15.00", "price_calculation": "$1.50 per 10mL", "category": "Pantry"},
{"title": "Fat Blaster Snack Bar Chocolate Crunch 5 Pack | 150g", "price": "$9.00", "price_calculation": "$6.00 per 100g", "category": "Pantry"},
{"title": "Atkins Low Carb Endulge Chocolate Coated Almonds 5x30g | 150g", "price": "$15.00", "price_calculation": "$10.00 per 100g", "category": "Pantry"},
{"title": "Fat Blaster Snack Bar Chocolate Caramel 5 Pack | 30g", "price": "$9.00", "price_calculation": "$30.00 per 100g", "category": "Pantry"},
{"title": "Morlife Certified Organic Beetroot Powder | 150g", "price": "$15.00", "price_calculation": "$10.00 per 100g", "category": "Pantry"},
{"title": "Pana Organic Crunchy Hazelnut Chocolate Spread | 200g", "price": "$9.00", "price_calculation": "$4.50 per 100g", "category": "Pantry"},
{"title": "Bodiez Energy + Protein Blue Raspberry Sparkling Energy Drink 4x500mL | 2L", "price": null, "price_calculation": null, "category": "Pantry"},
{"title": "Coles Natures Kitchen Cheese Style Nutritional Yeast Seasoning | 100g", "price": "$9.00", "price_calculation": "$9.00 per 100g", "category": "Pantry"},
{"title": "Well Naturally No Sugar Added Collagen Bar Milk Chocolate 4x45g | 180g", "price": null, "price_calculation": null, "category": "Pantry"},
{"title": "Health Lab Less Sugar Naturally Milk Choc Peanut Butter Balls 3X40G | 120g", "price": "$9.00", "price_calculation": "$7.50 per 100g", "category": "Pantry"},
{"title": "Daily Ritual Gut Health | 150g", "price": "$15.60", "price_calculation": "$10.40 per 100g", "category": "Pantry"},
{"title": "Pillsbury Chakki Atta Whole Wheat Flour | 5kg", "price": "$9.50", "price_calculation": "$1.90 per 1kg", "category": "Pantry"},
{"title": "Daily Ritual Recovery Blend | 150g", "price": "$15.60", "price_calculation": "$10.40 per 100g", "category": "Pantry"},
{"title": "Yorkshire Tea Biscuit Brew Tea Bags | 40 pack", "price": null, "price_calculation": null, "category": "Pantry"},
{"title": "Daily Ritual Immunity Blend | 150g", "price": "$15.60", "price_calculation": "$10.40 per 100g", "category": "Pantry"},
{"title": "Yorkshire Tea Toast & Jam Tea Bags | 40 pack", "price": null, "price_calculation": null, "category": "Pantry"},
{"title": "Pattu Sona Masoori Rice | 5kg", "price": "$15.70", "price_calculation": "$0.31 per 100g", "category": "Pantry"},
{"title": "Fibre One Brownie Chocolate Fudge Bulk Pack | 240g", "price": null, "price_calculation": null, "category": "Pantry"},
{"title": "Ortiz Anchovies | 47.5g", "price": "$16.00", "price_calculation": "$333.33 per 1kg", "category": "Pantry"},
{"title": "Artisan Wild Baby Figs | 150g", "price": "$9.90", "price_calculation": "$66.00 per 1kg", "category": "Pantry"},
{"title": "Vittoria Mountain Grown Ground Coffee | 500g", "price": "$16.00", "price_calculation": "$3.20 per 100g", "category": "Pantry"},
{"title": "Star Foods Rolada Fig Walnut | 150g", "price": "$10.00", "price_calculation": "$6.67 per 100g", "category": "Pantry"},
{"title": "Macro Mike Powdered Peanut Butter Chocolate Caramel | 156g", "price": null, "price_calculation": null, "category": "Pantry"},
{"title": "Star Foods Rolada Pistachio Date | 150g", "price": "$10.00", "price_calculation": "$6.67 per 100g", "category": "Pantry"},
{"title": "Kapai Puku Gut Health Cacao Seed Mix | 450g", "price": "$17.00", "price_calculation": "$3.78 per 100g", "category": "Pantry"},
{"title": "McDonnells Curry Sauce | 250g", "price": "$10.00", "price_calculation": "$4.00 per 100g", "category": "Pantry"},
{"title": "Kapai Puku Gut Health Raw Seed Mix | 450g", "price": "$17.00", "price_calculation": "$3.78 per 100g", "category": "Pantry"},
{"title": "Jed's No.3 Strong Ground Coffee | 200g", "price": null, "price_calculation": null, "category": "Pantry"},
{"title": "Lavazza Espresso Ristretto Nespresso Compatible Coffee Capsules | 30 pack", "price": null, "price_calculation": null, "category": "Pantry"},
{"title": "Jed's No.5 Extra Strong Ground Coffee | 200g", "price": null, "price_calculation": null, "category": "Pantry"},
{"title": "Cold Power Advanced Clean Laundry Liquid | 2L", "price": "$21.00", "price_calculation": "$10.50 per 1L", "category": "Household"},
{"title": "Fine Fettle Immunity Boost Veg Extra Powder | 100g", "price": "$18.00", "price_calculation": "$18.00 per 100g", "category": "Pantry"},
{"title": "Jed's No.X Extreme Ground Coffee | 200g", "price": null, "price_calculation": null, "category": "Pantry"},
{"title": "Viva Paper Towels | 6 pack", "price": "$9.00", "price_calculation": "$2.50 per 100ea", "category": "Household"},
{"title": "Fine Fettle Veg Power Boost Veg Extra Powder | 100g", "price": "$18.00", "price_calculation": "$18.00 per 100g", "category": "Pantry"},
{"title": "Cadbury Christmas Chocolate Make A Wish Gift Box | 275g", "price": null, "price_calculation": null, "category": "Pantry"},
{"title": "Vanish Napisan Gold Multi Power Stain Remover & Laundry Booster Powder | 3kg", "price": "$21.00", "price_calculation": "$7.00 per 1kg", "category": "Household"},
{"title": "Fine Fettle Eat The Rainbow Veg Extra Powder | 100g", "price": "$18.00", "price_calculation": "$18.00 per 100g", "category": "Pantry"},
{"title": "Laucke Wholemeal Bread Mix | 2.4 kg", "price": "$10.90", "price_calculation": "$4.54 per 1kg", "category": "Pantry"},
{"title": "Coles Stainless Steel Scourers | 3 pack", "price": "$0.90", "price_calculation": "$0.30 per 1ea", "category": "Household"},
{"title": "Fine Fettle Good Gut Health Veg Extra Powder | 100g", "price": "$18.00", "price_calculation": "$18.00 per 100g", "category": "Pantry"},
{"title": "Cadbury Joyville Truck | 275g", "price": null, "price_calculation": null, "category": "Pantry"},
{"title": "Coles Ultra Multi-Purpose Domestic Cleaning Wipes | 50 pack", "price": "$4.50", "price_calculation": "$9.00 per 100ea", "category": "Household"},
{"title": "Coles Perform Elite Electrolytes Powder Berry Flavour | 300g", "price": null, "price_calculation": null, "category": "Pantry"},
{"title": "Quaranta Soft Nougat Cakes French Caramel | 165g", "price": "$11.00", "price_calculation": "$6.67 per 100g", "category": "Pantry"},
{"title": "Fluffy Concentrate Liquid Fabric Softener Conditioner Divine Blends Lotus Flower & Sea Minerals | 900mL", "price": "$4.50", "price_calculation": "$5.00 per 1L", "category": "Household"},
{"title": "Siena Anchovy Fillets | 560g", "price": "$19.30", "price_calculation": "$34.46 per 1kg", "category": "Pantry"},
{"title": "Robert Timms Cafe Series Cafe Series Freeze Dried Intese Instant Coffee | 90g", "price": null, "price_calculation": null, "category": "Pantry"},
{"title": "MasterChef 26cm Non-stick Saute Pan with Glass Lid | 1 each", "price": "$90.00", "price_calculation": "$90.00 per 1ea", "category": "Household"},
{"title": "Moccona Barista Reserve Dark Roast Coffee Beans | 1kg", "price": null, "price_calculation": null, "category": "Pantry"},
{"title": "Raw Essentials Tea Slim | 50g", "price": "$12.00", "price_calculation": "$24.00 per 100g", "category": "Pantry"},
{"title": "Kleenex Eucalyptus 3 Ply Facial Tissues | 95 pack", "price": "$2.60", "price_calculation": "$2.74 per 100ea", "category": "Household"},
{"title": "Queen Vic Concentrated Vanilla Extract W Seeds | 100mL", "price": "$19.90", "price_calculation": "$1.99 per 10mL", "category": "Pantry"},
{"title": "Whole Earth Baking 100% Natural Sweetener | 600g", "price": "$12.00", "price_calculation": "$2.00 per 100g", "category": "Pantry"},
{"title": "Coles Baking Paper | 30 metre", "price": "$6.60", "price_calculation": "$0.22 per 1M", "category": "Household"},
{"title": "Nice & Naturals Thins Lemon Delight | 6 pack", "price": "$5.75", "price_calculation": "$0.96 per 1ea", "category": "Pantry"},
{"title": "Macro Mike Triple Chocolate Chunk Cookie Baking Mix | 250g", "price": null, "price_calculation": null, "category": "Pantry"},
{"title": "Pana Organic Easter Egg Salted Caramel | 110g", "price": "$12.00", "price_calculation": "$10.91 per 100g", "category": "Pantry"},
{"title": "Glad Cling Wrap | 100m", "price": "$7.00", "price_calculation": "$0.07 per 1M", "category": "Household"},
{"title": "Nice & Natural Thins Rocky Road | 6 pack", "price": "$5.75", "price_calculation": "$0.96 per 1ea", "category": "Pantry"},
{"title": "Macro Mike Banana Bread Mix Chocolate Chip | 250g", "price": null, "price_calculation": null, "category": "Pantry"},
{"title": "Pana Organic Easter Egg Dark 70% | 110g", "price": "$12.00", "price_calculation": "$10.91 per 100g", "category": "Pantry"},
{"title": "Kleenex Everyday 2 Ply Facial Tissues Cube | 85 pack", "price": "$3.00", "price_calculation": "$3.53 per 100ea", "category": "Household"},
{"title": "Kimnori Original Flavour Seaweed Pouch | 40g", "price": null, "price_calculation": null, "category": "Pantry"},
{"title": "Uncle Tobys Nutritious Snacks Protein Bar Dark Chocolate | 175g", "price": null, "price_calculation": null, "category": "Pantry"},
{"title": "Macro Mike Healthy Protein Brownies Double Chocolate | 250g", "price": null, "price_calculation": null, "category": "Pantry"},
{"title": "Daley Street Q-graders Batch Cremorne Ground Coffee | 250g", "price": null, "price_calculation": null, "category": "Pantry"},
{"title": "Kleenex Soft & Thick 2 Ply Facial Tissues | 120 pack", "price": "$3.80", "price_calculation": "$3.17 per 100ea", "category": "Household"},
{"title": "Gullon Sugar Free Digestive Biscuits | 400g", "price": "$5.90", "price_calculation": "$1.48 per 100g", "category": "Pantry"},
{"title": "Tasti Smooshed Wholefood Balls Peanut Butter & Caramel | 207g", "price": "$6.75", "price_calculation": "$3.26 per 100g", "category": "Pantry"},
{"title": "Nature's Way Slim Right Vanilla Powder | 500g", "price": "$21.00", "price_calculation": "$4.20 per 100g", "category": "Pantry"},
{"title": "Daley Street Q-graders Cremorne Coffee Beans | 250g", "price": null, "price_calculation": null, "category": "Pantry"},
{"title": "Quilton White Toilet Tissue | 6 pack", "price": "$6.50", "price_calculation": "$0.60 per 100ea", "category": "Household"},
{"title": "All Gold Tomato Sauce | 500mL", "price": "$5.90", "price_calculation": "$1.18 per 100mL", "category": "Pantry"},
{"title": "Carmans Protein Bakes Peanut Butter Choco Chip 5 Pack | 175g", "price": "$6.90", "price_calculation": "$3.94 per 100g", "category": "Pantry"},
{"title": "Hard Road Belgian Pale Ale Can 375mL | 4 Pack", "price": "$20.00", "price_calculation": "$13.33 per 1L", "category": "Liquor"},
{"title": "Nature's Way Slim Right Chocolate Powder | 500g", "price": "$21.00", "price_calculation": "$4.20 per 100g", "category": "Pantry"},
{"title": "Bc Dark Chocolate Almond High Protein Bar 4 Pack | 160g", "price": null, "price_calculation": null, "category": "Pantry"},
{"title": "Handee Ultra Double Length Paper Towel | 4 pack", "price": "$9.00", "price_calculation": "$1.88 per 100ea", "category": "Household"},
{"title": "Street Kitchen Pad Thai | 285g", "price": "$5.90", "price_calculation": "$2.07 per 100g", "category": "Pantry"},
{"title": "Natvia No Added Sugar Maple Syrup | 250mL", "price": "$6.95", "price_calculation": "$2.78 per 100g", "category": "Pantry"},
{"title": "Pirate Life Stout Can 355mL | 16 Pack", "price": "$53.00", "price_calculation": null, "category": "Liquor"},
{"title": "Nature's Way Slim Right Strawberry Powder | 500g", "price": "$21.00", "price_calculation": "$4.20 per 100g", "category": "Pantry"},
{"title": "Health Lab Low Sugar Naturally Caramel Chocolate Peanut Butter Filled Diamonds | 150g", "price": "$12.00", "price_calculation": "$8.00 per 100g", "category": "Pantry"},
{"title": "Kleenex Everyday On The Go Facial Tissues Soft Pack | 60 pack", "price": "$1.80", "price_calculation": "$3.00 per 100ea", "category": "Household"},
{"title": "Ujinotsuyu Matcha Green Tea Powder | 40g", "price": null, "price_calculation": null, "category": "Pantry"},
{"title": "Julianne's Kitchen Apple & Thyme Fruit Paste | 100g", "price": "$7.00", "price_calculation": "$7.00 per 100g", "category": "Pantry"},
{"title": "Little Creatures Sour Snap Can 375mL | 16 Pack", "price": "$57.00", "price_calculation": "$9.50 per 1L", "category": "Liquor"},
{"title": "Lavazza Espresso Barista Gran Crema Coffee Beans | 500g", "price": null, "price_calculation": null, "category": "Pantry"},
{"title": "Bc High Protein Bar Raspberry Truffle 4 Pack | 160g", "price": null, "price_calculation": null, "category": "Pantry"},
{"title": "Multix Medium Freezer Bags | 80 pack", "price": "$3.00", "price_calculation": "$3.75 per 100ea", "category": "Household"},
{"title": "Donna Hay Pancakes With Vanilla Bean Seeds | 285g", "price": "$5.95", "price_calculation": "$2.09 per 100g", "category": "Pantry"},
{"title": "Julianne's Kitchen Pear And Cinnamon Fruit Paste | 100g", "price": "$7.00", "price_calculation": "$7.00 per 100g", "category": "Pantry"},
{"title": "The Still Co. Blue Butterfly Gin 500mL | 1 Each", "price": "$75.00", "price_calculation": "$150.00 per 1L", "category": "Liquor"},
{"title": "Nescafe Blend 43 Instant Decaf | 250g", "price": null, "price_calculation": null, "category": "Pantry"},
{"title": "Vittoria Long Black Coffee Bags | 20 pack", "price": "$12.50", "price_calculation": "$0.63 per 1ea", "category": "Pantry"},
{"title": "Multix Non Stick Aluminium Foil Wrap 30cm | 10m", "price": "$4.00", "price_calculation": "$0.40 per 1M", "category": "Household"},
{"title": "Nokchawon Honey Citron Tea | 480g", "price": "$5.95", "price_calculation": "$1.24 per 100g", "category": "Pantry"},
{"title": "Deliciou Fries Seasoning | 60g", "price": "$7.00", "price_calculation": "$1.17 per 10g", "category": "Pantry"},
{"title": "Rekorderlig Watermelon-Citrus Cider Bottle 330mL | 24 Pack", "price": "$104.00", "price_calculation": "$13.13 per 1L", "category": "Liquor"},
{"title": "Coles Perform Elite Unflavoured Creatine Powder | 250g", "price": "$22.00", "price_calculation": "$8.80 per 100g", "category": "Pantry"},
{"title": "Ceres Organics Organic Collagen Support | 200g", "price": "$13.00", "price_calculation": "$6.50 per 100g", "category": "Pantry"},
{"title": "Coles Cling Wrap | 60 metre", "price": "$1.70", "price_calculation": "$0.03 per 1M", "category": "Household"},
{"title": "Moccona Barista Reserve Capsules Cappuccino | 10 Pack", "price": null, "price_calculation": null, "category": "Pantry"},
{"title": "Deliciou Ranch Seasoning | 60g", "price": "$7.00", "price_calculation": "$1.17 per 10g", "category": "Pantry"},
{"title": "Billson's Turkish Delight Vodka Mixed Drink 355mL | 24 Pack", "price": "$130.00", "price_calculation": "$15.26 per 1L", "category": "Liquor"},
{"title": "Atkins Low Carb Vanilla Flavoured Protein Shake Mix | 310g", "price": "$24.00", "price_calculation": "$7.74 per 100g", "category": "Pantry"},
{"title": "Ceres Organics Organic Immunity Support | 200g", "price": "$13.00", "price_calculation": "$6.50 per 100g", "category": "Pantry"},
{"title": "Morning Fresh Lime Dishwashing Liquid | 400mL", "price": "$2.75", "price_calculation": "$0.69 per 100mL", "category": "Household"},
{"title": "Moccona Barista Reserve Latte 12 Capsules 52g | 10 Pack", "price": null, "price_calculation": null, "category": "Pantry"},
{"title": "Deliciou Vegan Cheese Seasoning | 50g", "price": "$7.00", "price_calculation": "$1.40 per 10g", "category": "Pantry"},
{"title": "Billson's Lemon Lime & Bitters Vodka Mixed Drink 355mL | 24 Pack", "price": "$130.00", "price_calculation": "$15.26 per 1L", "category": "Liquor"},
{"title": "Atkins Low Carb Chocolate Flavoured Shake Mix | 330g", "price": "$24.00", "price_calculation": "$7.27 per 100g", "category": "Pantry"},
{"title": "Honeycomb Berringa Hive & Comb | 200g", "price": "$13.45", "price_calculation": "$6.73 per 100g", "category": "Pantry"},
{"title": "Coles Cling Wrap Super Stretch | 60 metre", "price": "$3.50", "price_calculation": "$0.06 per 1M", "category": "Household"},
{"title": "Hershey's Caramel Flavour Syrup | 623g", "price": "$6.00", "price_calculation": "$0.96 per 100g", "category": "Pantry"},
{"title": "Wellness Road Green Banana Flour For Baking | 300g", "price": "$7.00", "price_calculation": "$2.33 per 100g", "category": "Pantry"},
{"title": "-196 Double Grape 6% Can 330mL | 30 Pack", "price": "$135.00", "price_calculation": "$13.64 per 1L", "category": "Liquor"},
{"title": "Easiyo Black Yoghurt Maker | 1 each", "price": "$25.00", "price_calculation": "$25.00 per 1ea", "category": "Pantry"},
{"title": "Robert Timms Caramel Flavoured Coffee Bags | 24 pack", "price": null, "price_calculation": null, "category": "Pantry"},
{"title": "Coles Ultra Heavy Duty Scourer Sponge Celulose | 3 pack", "price": "$2.00", "price_calculation": "$0.67 per 1ea", "category": "Household"},
{"title": "Moccona Barista Reserve Medium Roast Lungo | 10 Pack", "price": null, "price_calculation": null, "category": "Pantry"},
{"title": "La Espanola Truffle Extra Virgin Olive Oil | 250mL", "price": "$7.00", "price_calculation": "$2.80 per 100mL", "category": "Pantry"},
{"title": "Gordons Tropical Passionfruit Bottle 330mL | 24 Pack", "price": "$151.00", "price_calculation": "$19.07 per 1L", "category": "Liquor"},
{"title": "Melrose Essential Reds | 120g", "price": "$25.00", "price_calculation": "$20.83 per 100g", "category": "Pantry"},
{"title": "Vittoria Freeze Dried Instant Decaf | 100g", "price": "$13.50", "price_calculation": "$13.50 per 100g", "category": "Pantry"},
{"title": "Kleenex Eucalyptus 3 Ply Facial Tissues | 140 pack", "price": "$4.50", "price_calculation": "$3.21 per 100ea", "category": "Household"},
{"title": "Louisiana Chicken Fry Mix | 255g", "price": "$6.00", "price_calculation": "$2.35 per 100g", "category": "Pantry"},
{"title": "Deliciou Everything Seasoning | 60g", "price": "$7.00", "price_calculation": "$1.17 per 10g", "category": "Pantry"},
{"title": "Smirnoff Ice Double Black 6.5% Cans 330mL | 24 Pack", "price": "$155.00", "price_calculation": "$19.57 per 1L", "category": "Liquor"},
{"title": "Melrose Essential Greens | 120g", "price": "$25.00", "price_calculation": "$20.83 per 100g", "category": "Pantry"},
{"title": "Vittoria Decaf Blend Coffee Bags | 20 pack", "price": "$13.50", "price_calculation": "$0.68 per 1ea", "category": "Pantry"},
{"title": "Coles Wrap Foil | 30 metre", "price": "$4.60", "price_calculation": "$0.15 per 1M", "category": "Household"},
{"title": "Bakers Finest RSL Biscuit Anzac Tin | 500g", "price": "$12.00", "price_calculation": "$2.40 per 100g", "category": "Pantry"},
{"title": "Grain Free Granola | 300g", "price": "$7.00", "price_calculation": "$2.33 per 100g", "category": "Pantry"},
{"title": "Bombay Sapphire Gin & Tonic 275ml | 24 Pack", "price": "$160.00", "price_calculation": "$24.24 per 1L", "category": "Liquor"},
{"title": "Morlife Alkalising Greens Tropical Crush Powder | 100g", "price": "$25.00", "price_calculation": "$25.00 per 100g", "category": "Pantry"},
{"title": "Atkins Advantage Choc Raspberry Bars 5 pack | 150g", "price": "$14.00", "price_calculation": "$9.33 per 100g", "category": "Pantry"},
{"title": "Vanish Preen Pre Wash Oxyaction Stain Remover | 375mL", "price": "$3.50", "price_calculation": "$9.33 per 1L", "category": "Household"},
{"title": "Ayam Pure Black Sesame Oil | 210mL", "price": "$6.00", "price_calculation": "$2.86 per 100mL", "category": "Pantry"},
{"title": "Julianne's Kitchen Quince And Orange Paste | 100g", "price": "$7.00", "price_calculation": "$7.00 per 100g", "category": "Pantry"},
{"title": "Hard Road Drongo's Revenge ESB Can 375mL | 4 Pack", "price": "$20.00", "price_calculation": "$13.33 per 1L", "category": "Liquor"},
{"title": "Morlife Antiox Beauty Collagen Berry Delight Powder | 100g", "price": "$25.00", "price_calculation": "$25.00 per 100g", "category": "Pantry"},
{"title": "Mazzetti Aged Balsamic Vinegar Black Label 5 Seal | 250mL", "price": "$14.00", "price_calculation": "$5.60 per 100mL", "category": "Pantry"},
{"title": "Coles Multi Purpose Disposable Latex Gloves | 100 pack", "price": "$8.00", "price_calculation": "$0.08 per 1ea", "category": "Household"},
{"title": "Betty Crocker Oats And Dark Chocolate Chip Cookie Mix | 250g", "price": "$6.00", "price_calculation": "$2.40 per 100g", "category": "Pantry"},
{"title": "Campbells Bone Broth Turmeric & Ginger | 500mL", "price": "$7.00", "price_calculation": "$1.40 per 100mL", "category": "Pantry"},
{"title": "Hard Road Righty's Pale Ale Can 375mL | 4 Pack", "price": "$20.00", "price_calculation": "$13.33 per 1L", "category": "Liquor"},
{"title": "Morlife Berry Active Immune Powder | 100g", "price": "$25.00", "price_calculation": "$25.00 per 100g", "category": "Pantry"},
{"title": "Dilmah 85 Reserve Earl Grey & Vanilla Tin | 20 pack", "price": null, "price_calculation": null, "category": "Pantry"},
{"title": "Coles Ultra Non Scratch Scourer Sponge Celulose | 3 pack", "price": "$2.00", "price_calculation": "$0.67 per 1ea", "category": "Household"},
{"title": "Mcclure's Sweet & Spicy Pickles | 500g", "price": "$6.00", "price_calculation": "$12.00 per 1kg", "category": "Pantry"},
{"title": "Aurora Freeze Dried Italian Style Coffee | 100g", "price": "$7.00", "price_calculation": "$7.00 per 100g", "category": "Pantry"},
{"title": "Just Vodka Watermelon Can 330mL | 16 Pack", "price": "$76.00", "price_calculation": "$14.39 per 1L", "category": "Liquor"},
{"title": "Morlife Berry Clean Liv'A Detox Powder | 100g", "price": "$25.00", "price_calculation": "$25.00 per 100g", "category": "Pantry"},
{"title": "Jif Cream Cleanser Lemon | 500mL", "price": "$4.00", "price_calculation": "$0.80 per 100mL", "category": "Household"},
{"title": "Old El Paso Green Jalapenos | 250g", "price": "$6.00", "price_calculation": "$2.40 per 100g", "category": "Pantry"},
{"title": "Deliciou Plant Based Chicken | 140g", "price": "$7.20", "price_calculation": "$5.14 per 100g", "category": "Pantry"},
{"title": "Mountain Goat Hazy Summer Ale Can 375mL | 24 Pack", "price": "$77.00", "price_calculation": "$8.56 per 1L", "category": "Liquor"},
{"title": "Mavella Superfoods Immune Boost Smoothie | 100g", "price": "$25.00", "price_calculation": "$25.00 per 100g", "category": "Pantry"},
{"title": "Magazine New Idea | 1 each", "price": "$5.80", "price_calculation": null, "category": "Household"},
{"title": "Hellmann's Garlic Aioli | 252g", "price": "$6.00", "price_calculation": "$2.38 per 100g", "category": "Pantry"},
{"title": "Laucke Spelt Bread Mix | 1Kg", "price": "$7.25", "price_calculation": "$7.25 per 1kg", "category": "Pantry"},
{"title": "Wolf Of The Willows XPA Can 355mL | 24 Pack", "price": null, "price_calculation": null, "category": "Liquor"},
{"title": "Coles Multi Purpose Cellulose Sponges | 5 pack", "price": "$1.60", "price_calculation": "$0.32 per 1ea", "category": "Household"},
{"title": "White Wings Unbelievably Good Chocolate Chip Mix | 320g", "price": "$6.00", "price_calculation": "$1.88 per 100g", "category": "Pantry"},
{"title": "Always Fresh Stuffed Peppers Cheese | 280g", "price": "$7.30", "price_calculation": "$26.07 per 1kg", "category": "Pantry"},
{"title": "Bodriggy Cosmic Microwave NEIPA Can 355mL | 24 Pack", "price": "$90.00", "price_calculation": "$10.56 per 1L", "category": "Liquor"},
{"title": "Organic Choice Lemongrass & Green Tea Dishwashing Liquid | 500mL", "price": "$3.85", "price_calculation": "$0.77 per 100mL", "category": "Household"},
{"title": "La Costena Hot Sauce | 140g", "price": null, "price_calculation": null, "category": "Pantry"},
{"title": "Sun Swallow Dried Seaweed | 56g", "price": "$7.40", "price_calculation": "$13.21 per 100g", "category": "Pantry"},
{"title": "Bad Shepherd Peanut Butter Porter Can 355mL | 24 Pack", "price": null, "price_calculation": null, "category": "Liquor"},
{"title": "Quilton Gold 4ply Facial Tissues Aloe Vera | 100 pack", "price": "$2.50", "price_calculation": "$2.50 per 100ea", "category": "Household"},
{"title": "Jed's No.3 Strong Nespresso Compatible Capsules | 10 pack", "price": null, "price_calculation": null, "category": "Pantry"},
{"title": "Sirena Tuna Fillets Extra Virgin Olive Oil | 200g", "price": "$7.50", "price_calculation": "$37.50 per 1kg", "category": "Pantry"},
{"title": "Jim Beam White Zero Sugar Cola Cans 375mL | 30 pack", "price": "$131.00", "price_calculation": "$1.16 per 100mL", "category": "Liquor"},
{"title": "Earth Choice Eucalyptus Fresh Wool & Delicates Washing Liquid | 1L", "price": "$2.60", "price_calculation": "$2.60 per 1L", "category": "Household"},
{"title": "Jed's No.4 Very Strong Nespresso Compatible Capsules | 10 pack", "price": null, "price_calculation": null, "category": "Pantry"},
{"title": "Sirena Tuna Fillets Extra Virgin Olive Oil & Chilli | 200g", "price": "$7.50", "price_calculation": "$37.50 per 1kg", "category": "Pantry"},
{"title": "Canadian Club Soda & Lime Can 375mL | 30 Pack", "price": "$131.00", "price_calculation": "$11.64 per 1L", "category": "Liquor"},
{"title": "Fluffy Concentrate Liquid Fabric Softener Conditioner Summer Breeze | 1L", "price": "$4.50", "price_calculation": "$4.50 per 1L", "category": "Household"},
{"title": "Jed's No.5 Extra Strong Nespresso Compatible Capsules | 10 pack", "price": null, "price_calculation": null, "category": "Pantry"},
{"title": "Deliciou Bacon Seasoning Original | 55g", "price": "$7.50", "price_calculation": "$1.36 per 10g", "category": "Pantry"},
{"title": "Truly Hard Seltzer Wild Berry Can 330mL | 24 Pack", "price": "$144.00", "price_calculation": "$18.18 per 1L", "category": "Liquor"},
{"title": "Magazine Woman's Day | 1 each", "price": "$5.80", "price_calculation": "$5.80 per 1ea", "category": "Household"},
{"title": "Jed's No.X Extreme Nespresso Compatible Capsules | 10 pack", "price": null, "price_calculation": null, "category": "Pantry"},
{"title": "Deliciou Smoky BBQ Bacon Seasoning | 60g", "price": "$7.50", "price_calculation": "$1.25 per 10g", "category": "Pantry"},
{"title": "Wild Turkey Rare & Cola Bottle 320mL | 24 Pack", "price": "$180.00", "price_calculation": "$23.44 per 1L", "category": "Liquor"},
{"title": "Fab Ultra Sunshine Fresh Top & Front Loader Laundry Powder | 2kg", "price": "$8.00", "price_calculation": "$4.00 per 1kg", "category": "Household"},
{"title": "Old El Paso Extra Thin Tortillas | 192g", "price": null, "price_calculation": null, "category": "Pantry"},
{"title": "Roll'D Dressing Turmeric Lemon & Dill Finishing Sauce | 235mL", "price": null, "price_calculation": null, "category": "Pantry"},
{"title": "Penfolds Grange Shiraz 2016 750mL | 1 Each", "price": "$1,050.00", "price_calculation": "$1,400.00 per 1L", "category": "Liquor"},
{"title": "Multix Greener Brown Baking Paper 15m x 30cm | 15m", "price": "$5.00", "price_calculation": "$0.33 per 1M", "category": "Household"},
{"title": "Pana Organic Dark Golden Comb Mylk Chocolate | 45g", "price": "$6.00", "price_calculation": "$13.33 per 100g", "category": "Pantry"},
{"title": "Roll'D Vinaigrette Soy & Garlic Finishing Sauce | 235mL", "price": null, "price_calculation": null, "category": "Pantry"},
{"title": "Five 3 Brewing The Long Session Can 375mL | 4 Pack", "price": "$17.00", "price_calculation": "$11.33 per 1L", "category": "Liquor"},
{"title": "Biozet Attack Regular Powder | 2kg", "price": "$12.00", "price_calculation": "$6.00 per 1kg", "category": "Household"},
{"title": "Lindt Lindor Milk & Milk Chocolate Reindeers Pouch Bag | 80g", "price": "$6.17", "price_calculation": "$7.71 per 100g", "category": "Pantry"},
{"title": "Jarrah Espresso Martini | 6 pack", "price": "$7.50", "price_calculation": "$1.25 per 1ea", "category": "Pantry"},
{"title": "Burnley Brewing Helles Can 440mL | 4 pack", "price": "$25.00", "price_calculation": "$1.42 per 100mL", "category": "Liquor"},
{"title": "Quilton 3 Ply Soft & Thick Aloe vera Facial Tissues | 95 pack", "price": "$2.50", "price_calculation": "$2.63 per 100ea", "category": "Household"},
{"title": "Britannia Milk Rusk Biscotte | 560g", "price": "$6.20", "price_calculation": "$1.11 per 100g", "category": "Pantry"},
{"title": "Dilmah Premium Tagless Tea Bags | 80 pack", "price": null, "price_calculation": null, "category": "Pantry"},
{"title": "Dainton Bayside Easy Pale Can 355mL | 16 Pack", "price": "$50.00", "price_calculation": "$8.80 per 1L", "category": "Liquor"},
{"title": "Deeko White Lunch Napkins 1 Ply | 75 pack", "price": "$3.00", "price_calculation": "$4.00 per 100ea", "category": "Household"},
{"title": "The Spice Tailor Indonesian Rendang Curry | 275g", "price": "$6.20", "price_calculation": "$2.25 per 100g", "category": "Pantry"},
{"title": "Jarrah After Dark Caramel Latte Espresso Martini | 6 pack", "price": "$7.50", "price_calculation": "$1.25 per 1ea", "category": "Pantry"},
{"title": "Canard Duchene Brut NV Champagne 750mL | 1 Each", "price": "$65.00", "price_calculation": "$86.67 per 1L", "category": "Liquor"},
{"title": "Glad To Be Green Recycled Kitchen Tidy Bags Large | 22 pack", "price": "$4.00", "price_calculation": null, "category": "Household"},
{"title": "The Spice Tailor Thai Green Curry | 275g", "price": "$6.20", "price_calculation": "$2.25 per 100g", "category": "Pantry"},
{"title": "Jarrah After Dark Vanilla Latte Affogato | 6 pack", "price": "$7.50", "price_calculation": "$1.25 per 1ea", "category": "Pantry"},
{"title": "Moon Dog Fizzer Piney Limey 330mL | 24 Pack", "price": "$72.00", "price_calculation": "$9.09 per 1L", "category": "Liquor"},
{"title": "Hot Wheels Basic Car Assorted | 1 pack", "price": "$2.80", "price_calculation": "$2.80 per 1ea", "category": "Household"},
{"title": "Earth Choice All in One Original Dishwasher Tablets | 42 pack", "price": "$14.20", "price_calculation": "$33.81 per 100ea", "category": "Household"},
{"title": "Nexba Liquid Brekkie Vanilla 3x250mL | 750mL", "price": "$6.25", "price_calculation": "$0.83 per 100mL", "category": "Pantry"},
{"title": "Jarrah After Dark Hazelnut Latte Affogato | 6 pack", "price": "$7.50", "price_calculation": "$1.25 per 1ea", "category": "Pantry"},
{"title": "Just Watermelon Margi Can 330mL | 16 Pack", "price": "$74.00", "price_calculation": "$14.02 per 1L", "category": "Liquor"},
{"title": "Coles Ultra Mould Killer | 500mL", "price": "$2.95", "price_calculation": "$0.59 per 100mL", "category": "Household"},
{"title": "OMO Laundry Liquid Front & Top Ultimate  | 2L", "price": "$29.00", "price_calculation": "$14.50 per 1L", "category": "Household"},
{"title": "Barker's New Zealand Breakfast Marmalade | 455g", "price": "$6.30", "price_calculation": "$1.38 per 100g", "category": "Pantry"},
{"title": "St Remio Premium Instant Decaf Cappuccino Sachets | 8 pack", "price": null, "price_calculation": null, "category": "Pantry"},
{"title": "Guinness Stout Bottle 750mL | 12 Pack", "price": "$97.50", "price_calculation": "$1.08 per 100mL", "category": "Liquor"},
{"title": "Glad Cling Wrap 30m X 33cm | 30m", "price": "$3.25", "price_calculation": "$0.11 per 1M", "category": "Household"},
{"title": "Hercules Clickzip Sandwich Bags 18cm x 16.5cm | 40 pack", "price": "$2.35", "price_calculation": "$0.06 per 1ea", "category": "Household"},
{"title": "Food For Health  Low Sugar Toasted Muesli Honey & Vanilla | 425g", "price": "$6.40", "price_calculation": "$1.51 per 100g", "category": "Pantry"},
{"title": "St Remio Premium Instant Sugar Free Cappuccino Sachets | 8 pack", "price": null, "price_calculation": null, "category": "Pantry"},
{"title": "Moutai Prince Baijiu 500mL | 1 Each", "price": "$99.00", "price_calculation": "$198.00 per 1L", "category": "Liquor"},
{"title": "Kleenex Aloe Vera & Vitamin E Pocket Pack 4 Ply Facial Tissues 6x9 | 6 pack", "price": "$3.70", "price_calculation": "$6.85 per 100ea", "category": "Household"},
{"title": "Kleenex Large & Thick 3 Ply Facial Tissues | 95 pack", "price": "$3.15", "price_calculation": "$3.32 per 100ea", "category": "Household"},
{"title": "Food For Health Liver Cleansing Wheat Free Muesli | 475g", "price": "$6.40", "price_calculation": "$1.35 per 100g", "category": "Pantry"},
{"title": "Nescafe Coffee Sachets Latte | 10 pack", "price": null, "price_calculation": null, "category": "Pantry"},
{"title": "Woodstock Bourbon & Cola Bottle 660mL | 12 Pack", "price": "$110.00", "price_calculation": "$13.89 per 1L", "category": "Liquor"},
{"title": "Finish Regular Rinse Aid For Drier & Shinier Dishes | 250mL", "price": "$4.00", "price_calculation": "$1.60 per 100mL", "category": "Household"},
{"title": "Scrub Daddy Original | 1 each", "price": "$5.00", "price_calculation": "$5.00 per 1ea", "category": "Household"},
{"title": "Coles Turkish Delight | 190g", "price": "$6.50", "price_calculation": "$3.42 per 100g", "category": "Pantry"},
{"title": "Nescafe Iced Cappuccino Coffee Sachets | 8 pack", "price": "$7.60", "price_calculation": "$0.95 per 1ea", "category": "Pantry"},
{"title": "Billson's Toffee Apple Vodka Mixed Drink 355mL | 24 Pack", "price": "$130.00", "price_calculation": "$15.26 per 1L", "category": "Liquor"},
{"title": "Viva Double Length Paper Towels | 2 pack", "price": "$7.50", "price_calculation": "$3.13 per 100ea", "category": "Household"},
{"title": "Glad Cling Wrap 60m x 33cm | 60m", "price": "$5.25", "price_calculation": "$0.09 per 1M", "category": "Household"},
{"title": "Noshu Unicorn Snackles | 110g", "price": "$6.50", "price_calculation": "$5.91 per 100g", "category": "Pantry"},
{"title": "Nescafe Iced Salted Caramel Coffee Sachets | 8 pack", "price": "$7.60", "price_calculation": "$0.95 per 1ea", "category": "Pantry"},
{"title": "Billson's Strawberries & Cream Vodka Mixed Drink 355mL | 24 Pack", "price": "$130.00", "price_calculation": null, "category": "Liquor"},
{"title": "Pine O Cleen Antibacterial Laundry Sanitiser Fresh Cotton | 2L", "price": "$11.25", "price_calculation": "$5.63 per 1L", "category": "Household"},
{"title": "Dynamo Profession Odour Eliminator Liquid | 1.8L", "price": "$12.50", "price_calculation": "$6.94 per 1L", "category": "Household"},
{"title": "Delverde Conchiglioni Gigante Pasta | 500g", "price": "$6.50", "price_calculation": "$1.30 per 100g", "category": "Pantry"},
{"title": "Kez's Kitchen Gluten Free Biscuits Strawberry Cream Fancy Tops | 185g", "price": "$7.70", "price_calculation": "$4.16 per 100g", "category": "Pantry"},
{"title": "Gordons Mediterranean Orange Bottle 330mL | 24 Pack", "price": "$141.00", "price_calculation": "$17.80 per 1L", "category": "Liquor"},
{"title": "Glad Cling Wrap Tangle Proof 40m | 1 pack", "price": "$3.50", "price_calculation": "$3.50 per 1ea", "category": "Household"},
{"title": "Coles Sea Salt & Garlic Grinder | 240g", "price": "$6.50", "price_calculation": "$0.27 per 10g", "category": "Pantry"},
{"title": "Kez's Kitchen Gluten Free Biscuits Salted Caramel Fancy Tops | 185g", "price": "$7.70", "price_calculation": "$4.16 per 100g", "category": "Pantry"},
{"title": "Gordons Sicilian Lemon Bottle 330mL | 24 Pack", "price": "$143.00", "price_calculation": "$18.06 per 1L", "category": "Liquor"},
{"title": "Coles So Soft & Strong 3 Ply Toilet Tissue Hypo Allergenic | 8 pack", "price": "$4.60", "price_calculation": "$0.58 per 1ea", "category": "Household"},
{"title": "St Clair Crackers Butter Charcoal | 100g", "price": "$6.50", "price_calculation": "$6.50 per 100g", "category": "Pantry"},
{"title": "Sunbeam Australian Nuts Macadamia Halves | 110g", "price": "$7.90", "price_calculation": "$71.82 per 1kg", "category": "Pantry"},
{"title": "Truly Watermelon & Kiwi Seltzer Can 330ml | 24 Pack", "price": "$144.00", "price_calculation": "$18.18 per 1L", "category": "Liquor"},
{"title": "Glad Kitchen Tidy Bags Wavetop Tie Medium | 72 pack", "price": "$6.00", "price_calculation": "$8.33 per 100ea", "category": "Household"},
{"title": "Dairylea Cheese Sticks 12 pack | 240g", "price": "$6.50", "price_calculation": "$27.08 per 1kg", "category": "Pantry"},
{"title": "Red Tractor Wheat Free Oat Sachets Raspberry 8x40g | 320g", "price": null, "price_calculation": null, "category": "Pantry"},
{"title": "Truly Hard Seltzer Watermelon Lemonade Can 330mL | 24 Pack", "price": "$150.00", "price_calculation": "$18.94 per 1L", "category": "Liquor"},
{"title": "Viva Select-A-Size Paper Towels | 4 pack", "price": "$7.50", "price_calculation": "$2.08 per 100ea", "category": "Household"},
{"title": "Akuan Hot Pot Flavour Broad Noodles 4 Pack | 440g", "price": "$6.50", "price_calculation": "$1.48 per 100g", "category": "Pantry"},
{"title": "Coles Marzipan | 500g", "price": "$8.00", "price_calculation": "$1.60 per 100g", "category": "Pantry"},
{"title": "Bombay Sapphire Gin & Tonic Double Serve 10% Can 250mL | 24 Pack", "price": "$165.00", "price_calculation": "$27.50 per 1L", "category": "Liquor"},
{"title": "Coles Multi Purpose Sponge Cloths | 3 pack", "price": "$1.00", "price_calculation": "$0.33 per 1ea", "category": "Household"},
{"title": "OB Finest Apricot & Macadamia Crackers | 150g", "price": "$6.50", "price_calculation": "$4.33 per 100g", "category": "Pantry"},
{"title": "Coles Finest Italian Grissini With Black Olive | 200g", "price": "$8.00", "price_calculation": "$4.00 per 100g", "category": "Pantry"},
{"title": "Wild Turkey Cola 101 Can 375mL | 30 Pack", "price": "$190.00", "price_calculation": "$16.89 per 1L", "category": "Liquor"},
{"title": "Organic Choice Multi-Purpose Cleaner Trigger Spray | 500mL", "price": "$5.50", "price_calculation": "$1.10 per 100mL", "category": "Household"},
{"title": "Old El Paso Burrito Bowl Kit | 240g", "price": null, "price_calculation": null, "category": "Pantry"},
{"title": "Pana Organic Chocolate Chips White | 135g", "price": "$8.00", "price_calculation": "$5.93 per 100g", "category": "Pantry"},
{"title": "Burnley Brewing Summer Ale Can 355mL | 4 Pack", "price": "$19.00", "price_calculation": "$13.38 per 1L", "category": "Liquor"},
{"title": "Coles Ultra Disinfectant Eucalyptus | 1.25L", "price": "$2.50", "price_calculation": "$0.20 per 100mL", "category": "Household"},
{"title": "Ceres Organics Organic Super Seed Blend | 200g", "price": "$8.00", "price_calculation": "$4.00 per 100g", "category": "Pantry"},
{"title": "Five 3 Brewing Rocket's Pale Ale Can 375mL | 4 Pack", "price": "$19.00", "price_calculation": "$12.67 per 1L", "category": "Liquor"},
{"title": "Multix Small Freezer Bags | 120 pack", "price": "$3.00", "price_calculation": "$2.50 per 100ea", "category": "Household"},
{"title": "Ceres Organics Organic LSA + P | 250g", "price": "$8.00", "price_calculation": "$3.20 per 100g", "category": "Pantry"},
{"title": "Jetty Road Refreshing Ale Can 375mL | 24 Pack", "price": "$52.00", "price_calculation": "$5.78 per 1L", "category": "Liquor"},
{"title": "Multix Baking Paper 10m x 30cm | 10m", "price": "$4.00", "price_calculation": "$0.40 per 1M", "category": "Household"},
{"title": "Nescafe Milo Nutritious Snacks Snack Bars Dipped | 180g", "price": null, "price_calculation": null, "category": "Pantry"},
{"title": "Stomping Ground Pridelweiss Can 355mL | 16 Pack", "price": "$54.00", "price_calculation": "$9.51 per 1L", "category": "Liquor"},
{"title": "Straten Small Cups 250mL | 50 pack", "price": "$4.50", "price_calculation": "$9.00 per 100ea", "category": "Household"},
{"title": "Whole Earth Monk Fruit 100% Natural Sweetener | 200g", "price": "$8.50", "price_calculation": "$4.25 per 100g", "category": "Pantry"},
{"title": "Kentucky Bourbon & Cola 4.8% Can 375mL | 24 Pack", "price": "$88.00", "price_calculation": "$9.78 per 1L", "category": "Liquor"},
{"title": "White King Powerclean Toilet Bleach Gel Eucalyptus | 700mL", "price": "$5.65", "price_calculation": "$0.81 per 100mL", "category": "Household"},
{"title": "Twinings Orange Pekoe Tea Bags | 50 pack", "price": "$8.50", "price_calculation": "$8.50 per 100g", "category": "Pantry"},
{"title": "Mismatch Cloudy Apple Cider Can 375mL | 24 Pack", "price": "$90.00", "price_calculation": "$10.00 per 1L", "category": "Liquor"},
{"title": "Harpic Active Blue Cistern Block Toilet Cleaner | 114g", "price": "$6.00", "price_calculation": "$5.26 per 100g", "category": "Household"},
{"title": "Bodriggy Dayspring IPA Can 355mL | 24 Pack", "price": "$100.00", "price_calculation": "$11.74 per 1L", "category": "Liquor"},
{"title": "Radiant Mixed Colours Laundry Powder Washing Detergent | 2kg", "price": "$10.00", "price_calculation": "$5.00 per 1kg", "category": "Household"},
{"title": "Hard Fizz X Grape and Strawberry Caffeine Seltzer Can 250mL | 24 Pack", "price": "$110.00", "price_calculation": "$18.33 per 1L", "category": "Liquor"},
{"title": "Coles Disinfectant Lavender | 2L", "price": "$1.40", "price_calculation": "$0.07 per 100mL", "category": "Household"},
{"title": "BE Distilled Water | 1L", "price": "$2.40", "price_calculation": "$2.40 per 1L", "category": "Household"},
{"title": "Multix Large Freezer Bags 45cm x 30cm | 40 pack", "price": "$3.00", "price_calculation": "$0.08 per 1ea", "category": "Household"},
{"title": "Ajax Spray N Wipe Divine Blends Vanilla & Berries | 475mL", "price": "$3.50", "price_calculation": "$0.74 per 100mL", "category": "Household"},
{"title": "Bref Ultimate Gel Ultra Stain Power | 600mL", "price": "$3.50", "price_calculation": "$0.58 per 100mL", "category": "Household"},
{"title": "Coles Bags Trolly Bin Liners | 4 pack", "price": "$1.20", "price_calculation": "$0.30 per 1ea", "category": "Household"},
{"title": "Coles Paper Dinner Plates | 20 pack", "price": "$1.50", "price_calculation": "$0.08 per 1ea", "category": "Household"},
{"title": "Earth Choice Pure Soft Fabric Softener | 1L", "price": "$2.50", "price_calculation": "$2.50 per 1L", "category": "Household"},
{"title": "Coles Ultra Non-Scratch Mesh Sponge Scourers | 3 pack", "price": "$2.80", "price_calculation": "$0.93 per 1ea", "category": "Household"},
{"title": "Vanish Preen Pre-Wash Ultra Degreaser Stain Remover | 375mL", "price": "$3.50", "price_calculation": "$9.33 per 1L", "category": "Household"},
{"title": "Glad Large Wavetop Kitchen Tidy Bags | 30 pack", "price": "$4.25", "price_calculation": "$0.14 per 1ea", "category": "Household"},
{"title": "Glad Garbage Bag Wavetop Tie XL | 30 pack", "price": "$7.25", "price_calculation": "$0.24 per 1ea", "category": "Household"},
{"title": "Easy Off Drain Cleaner Turbo Gel | 1L", "price": "$14.00", "price_calculation": "$1.40 per 100mL", "category": "Household"},
{"title": "Coles Ultra Glass & Window Cleaner | 750mL", "price": "$2.00", "price_calculation": "$0.27 per 100mL", "category": "Household"},
{"title": "Coles Ultra Dishwashing Liquid Lemon | 900mL", "price": "$3.00", "price_calculation": "$0.33 per 100mL", "category": "Household"},
{"title": "Glad To Be Green Plant Bio Based Kt Bags Large | 25 pack", "price": "$5.00", "price_calculation": "$0.20 per 1ea", "category": "Household"},
{"title": "Easy Off Bam Power Oven Heavy Duty Cleaner | 325g", "price": "$5.75", "price_calculation": "$1.77 per 100g", "category": "Household"},
{"title": "Fab Sublime Velvet Front & Top Loader Laundry Powder | 1.8kg", "price": "$8.00", "price_calculation": "$4.44 per 1kg", "category": "Household"},
{"title": "Radiant Mixed Colours Laundry Liquid Washing Detergent | 2L", "price": "$10.00", "price_calculation": "$5.00 per 1L", "category": "Household"},
{"title": "Sorbent Toilet Tissue Silky White | 24 pack", "price": "$13.00", "price_calculation": "$0.30 per 100ea", "category": "Household"},
{"title": "Coles Air Freshener Fresh Linen | 150g", "price": "$2.70", "price_calculation": "$1.80 per 100g", "category": "Household"},
{"title": "Morning Fresh Dishwashing Peach & Nectarine | 400mL", "price": "$2.75", "price_calculation": "$0.69 per 100mL", "category": "Household"},
{"title": "Steelo No Rust Scourer Stainless Steel Soap Pads | 5 pack", "price": "$3.00", "price_calculation": "$0.60 per 1ea", "category": "Household"},
{"title": "Redheads Handy Pack Matches | 270 pack", "price": "$3.30", "price_calculation": "$1.22 per 100ea", "category": "Household"},
{"title": "Ansell Pink Silverlined Gloves Size 8 | 1 pair", "price": "$3.60", "price_calculation": "$3.60 per 1ea", "category": "Household"},
{"title": "Earth Choice Antibacterial All Purpose Cleaner | 600mL", "price": "$4.00", "price_calculation": "$0.67 per 100mL", "category": "Household"},
{"title": "Multix Super Strong Drawtight Garbage Bags | 10 pack", "price": "$4.50", "price_calculation": "$0.45 per 1ea", "category": "Household"},
{"title": "Kleenex Complete Clean Double Length Toilet Paper | 12 pack", "price": "$13.50", "price_calculation": "$0.31 per 100ea", "category": "Household"},
{"title": "Coles Laundry Sanitiser | 1L", "price": "$4.50", "price_calculation": "$4.50 per 1L", "category": "Household"},
{"title": "Coles Gloves Rubber Medium | 2 pack", "price": "$1.25", "price_calculation": "$0.63 per 1ea", "category": "Household"},
{"title": "Coles Cling Wrap Super Stretch | 30 metre", "price": "$2.00", "price_calculation": "$0.07 per 1M", "category": "Household"},
{"title": "Coles Ultra Marine Fresh Bleach Toilet Gel | 700mL", "price": "$2.30", "price_calculation": "$0.33 per 100mL", "category": "Household"},
{"title": "Bostik Blu Tack | 1 pack", "price": "$2.40", "price_calculation": "$2.40 per 1ea", "category": "Household"},
{"title": "Earth Choice Laundry Liquid | 1L", "price": "$3.00", "price_calculation": "$3.00 per 1L", "category": "Household"},
{"title": "Harpic Original White & Shine Bleach Gel | 450mL", "price": "$3.50", "price_calculation": "$0.78 per 100mL", "category": "Household"},
{"title": "Coles Ultra Dishwasher Conc Powder | 1kg", "price": "$3.90", "price_calculation": "$0.39 per 100g", "category": "Household"},
{"title": "Glad To Be Green Recycled Kitchen Tidy Bags Medium | 28 pack", "price": "$4.00", "price_calculation": null, "category": "Household"},
{"title": "Chux Heavy Duty Scourer Scrub | 6 pack", "price": "$4.50", "price_calculation": "$0.75 per 1ea", "category": "Household"},
{"title": "Bref Duo Cubes 2 in 1 Formula Cistern Block Toilet Cleaner 2 pack | 100g", "price": "$5.00", "price_calculation": "$5.00 per 100g", "category": "Household"},
{"title": "Biozet Attack Regular Liquid | 2L", "price": "$12.00", "price_calculation": "$6.00 per 1L", "category": "Household"},
{"title": "Coles Ultra Sponge Scourer Heavy Duty | 3 pack", "price": "$2.00", "price_calculation": "$0.67 per 1ea", "category": "Household"},
{"title": "Bref Blue Active Toilet Cleaner Eucalyptus | 50g", "price": "$3.50", "price_calculation": "$7.00 per 100g", "category": "Household"},
{"title": "OMO Laundry Powder Ultimate Anz | 2 kg", "price": "$29.00", "price_calculation": "$14.50 per 1kg", "category": "Household"},
{"title": "Coles White Serviettes | 50 pack", "price": "$1.29", "price_calculation": "$2.58 per 100ea", "category": "Household"},
{"title": "Coles Dish Brush | 1 pack", "price": "$1.75", "price_calculation": "$1.75 per 1ea", "category": "Household"},
{"title": "Glad To Be Green Plant Bio Based Kt Bags Medium | 30 pack", "price": "$5.00", "price_calculation": "$0.17 per 1ea", "category": "Household"},
{"title": "Coles Aluminium Foil Wrap 30m x 30cm | 30m", "price": "$5.80", "price_calculation": "$0.19 per 1M", "category": "Household"},
{"title": "Kleenex Aloe Vera & Vitamin E 3 Ply Facial Tissues Cube | 60 Pack", "price": "$3.00", "price_calculation": "$0.05 per 1ea", "category": "Household"},
{"title": "Naturale 3Ply 100% Recycled Toilet Tissue | 12 pack", "price": "$6.50", "price_calculation": "$0.30 per 100ea", "category": "Household"},
{"title": "Icare Facial Tissues 100% Recycled Aloe Vera | 95 pack", "price": "$2.20", "price_calculation": "$2.32 per 100ea", "category": "Household"},
{"title": "Coles Super Strength Lemon Dishwashing Liquid | 1L", "price": "$2.30", "price_calculation": "$0.23 per 100mL", "category": "Household"},
{"title": "Multix Aluminium Foil Wrap 30m x 30cm | 30m", "price": "$7.65", "price_calculation": "$0.26 per 1M", "category": "Household"},
{"title": "OMO Ultimate Laundry Liquid Sensitive  | 2L", "price": "$29.00", "price_calculation": "$14.50 per 1L", "category": "Household"},
{"title": "Coles Foam Sponge Scourer | 6 pack", "price": "$2.50", "price_calculation": "$0.42 per 1ea", "category": "Household"},
{"title": "Kleenex Flushable Wipes Unscented | 1 pack", "price": "$3.95", "price_calculation": "$0.09 per 1ea", "category": "Household"},
{"title": "Coles Ultra Sponge Scourer Non Scratch | 3 pack", "price": "$2.00", "price_calculation": "$0.67 per 1ea", "category": "Household"},
{"title": "Magic Little Trees Air Freshener | 1 pack", "price": "$2.75", "price_calculation": "$2.75 per 1ea", "category": "Household"},
{"title": "Bref Power Active Toilet Cleaner Lemon | 50g", "price": "$3.50", "price_calculation": "$7.00 per 100g", "category": "Household"},
{"title": "Ajax Spray N Wipe Lemon Citrus 5 in 1 Multi Purpose Cleaner Trigger Pack | 500mL", "price": "$3.50", "price_calculation": "$0.70 per 100mL", "category": "Household"},
{"title": "White King All Purpose Lemon Bleach | 2.5L", "price": "$3.80", "price_calculation": "$1.52 per 1L", "category": "Household"},
{"title": "Coles Lemon Fresh Laundry Powder | 4kg", "price": "$5.00", "price_calculation": "$1.25 per 1kg", "category": "Household"},
{"title": "FAB Frangipani Front & Top Loader Laundry Liquid | 2L", "price": "$8.00", "price_calculation": "$4.00 per 1L", "category": "Household"},
{"title": "Kleenex Complete Clean Toilet Paper | 1 pack", "price": "$9.00", "price_calculation": "$0.56 per 100ea", "category": "Household"},
{"title": "Jif Cream Cleanser Regular | 500mL", "price": "$4.00", "price_calculation": "$0.80 per 100mL", "category": "Household"},
{"title": "Icare 100% Recycled Toilet Tissue | 24 pack", "price": "$13.00", "price_calculation": "$0.30 per 100ea", "category": "Household"},
{"title": "Coles Pillow Sandwich Bags | 150 pack", "price": "$1.20", "price_calculation": "$0.80 per 100ea", "category": "Household"},
{"title": "Coles Ultra Shine Rinse Aid Regular | 250mL", "price": "$1.50", "price_calculation": "$0.60 per 100mL", "category": "Household"},
{"title": "Coles Ultra Disinfectant Bleach Cleaner | 1.25L", "price": "$2.30", "price_calculation": "$0.18 per 100mL", "category": "Household"},
{"title": "Coles Air Freshener Lavender & Aromatic Sage | 150g", "price": "$2.70", "price_calculation": "$1.80 per 100g", "category": "Household"},
{"title": "Coles 100% Recycled Paper Towel | 2 pack", "price": "$3.25", "price_calculation": "$2.32 per 100ea", "category": "Household"},
{"title": "Glad Medium Wavetop Kitchen Tidy Bags | 40 pack", "price": "$4.25", "price_calculation": "$0.11 per 1ea", "category": "Household"},
{"title": "Selleys Rapid Mould Killer | 500mL", "price": "$5.16", "price_calculation": "$1.03 per 100mL", "category": "Household"},
{"title": "Tv Week My Family Secret | 1 each", "price": "$5.60", "price_calculation": "$28.00 per 1kg", "category": "Household"},
{"title": "Nexba Non Alcoholic Spritz Limoncello | 750mL", "price": "$12.00", "price_calculation": "$16.00 per 1L", "category": "Liquor"},
{"title": "Mornington Free Pale Ale Non-alcoholic 6x375mL | 6 pack", "price": "$14.00", "price_calculation": "$6.22 per 1L", "category": "Liquor"},
{"title": "Naked Life Non Alcoholic Canadian Rye 4x250mL | 4 pack", "price": "$15.00", "price_calculation": "$15.00 per 1L", "category": "Liquor"},
{"title": "Lyre's Non Alcoholic Italian Spritz 200mL | 1 Each", "price": "$15.00", "price_calculation": "$75.00 per 1L", "category": "Liquor"},
{"title": "Naked Life Non Alcoholic Mojito Spritz Cocktail 4x250mL | 4 pack", "price": "$15.00", "price_calculation": "$15.00 per 1L", "category": "Liquor"},
{"title": "Nort Refreshing Ale Can 375mL | 6 Pack", "price": "$16.00", "price_calculation": "$7.11 per 1L", "category": "Liquor"},
{"title": "Samuel Wynn Cabernet Sauvignon 750mL | 1 each", "price": "$17.00", "price_calculation": "$22.67 per 1L", "category": "Liquor"},
{"title": "Mornington Brown Ale Can 375mL | 6 Pack", "price": "$18.00", "price_calculation": "$8.00 per 1L", "category": "Liquor"},
{"title": "Jetty Road Pale Ale Cans 375mL | 4 Pack", "price": "$20.00", "price_calculation": "$1.33 per 100mL", "category": "Liquor"},
{"title": "Mountain Goat SIPA Can 375mL | 6 Pack", "price": "$20.00", "price_calculation": "$8.89 per 1L", "category": "Liquor"},
{"title": "Spill Easy Going Lager Can 375mL | 4 Pack", "price": null, "price_calculation": null, "category": "Liquor"},
{"title": "Athletic Brewing Company Run Wild Non Alcholic Beer 6x355mL | 6 pack", "price": "$20.00", "price_calculation": "$9.39 per 1L", "category": "Liquor"},
{"title": "Moon Dog Fizzer Strawberries & Cream 330mL | 6 Pack", "price": "$21.00", "price_calculation": "$10.61 per 1L", "category": "Liquor"},
{"title": "Moon Dog Fruit Sour 1 Can 330mL | 4 Pack", "price": "$22.00", "price_calculation": "$16.67 per 1L", "category": "Liquor"},
{"title": "Smirnoff Seltzer Natural Orange Can 250mL | 4 Pack", "price": "$22.00", "price_calculation": "$22.00 per 1L", "category": "Liquor"},
{"title": "Smirnoff Seltzer Raspberry Rose Can 250mL | 4 Pack", "price": null, "price_calculation": null, "category": "Liquor"},
{"title": "Wolf Of The Willows XPA Can 355mL | 6 Pack", "price": null, "price_calculation": null, "category": "Liquor"},
{"title": "Burnley Brewing Summer Ale Can 355mL | 6 Pack", "price": "$27.00", "price_calculation": "$12.68 per 1L", "category": "Liquor"},
{"title": "West Coast Cooler Bottles 250mL | 6 Pack", "price": "$28.00", "price_calculation": "$18.67 per 1L", "category": "Liquor"},
{"title": "23rd Street Hybrid Whisk(e)y 200mL | 1 Each", "price": "$28.00", "price_calculation": "$140.00 per 1L", "category": "Liquor"},
{"title": "Wolf Of The Willows IPA Homage Can 355mL | 6 Pack", "price": "$29.00", "price_calculation": "$13.62 per 1L", "category": "Liquor"},
{"title": "Tanqueray Flor de Sevilla Gin & Soda Bottles 275mL | 4 Pack", "price": "$31.00", "price_calculation": "$28.18 per 1L", "category": "Liquor"},
{"title": "Go Shu Blue Australian Sake 720mL | 1 Each", "price": "$35.00", "price_calculation": "$48.61 per 1L", "category": "Liquor"},
{"title": "Deeds Fuel Injection Summer Ale Can 440mL | 4 Pack", "price": "$44.00", "price_calculation": "$25.00 per 1L", "category": "Liquor"},
{"title": "Dainton Flamingo Pink Lemonade Sour Can 355mL | 16 Pack", "price": "$52.00", "price_calculation": "$9.15 per 1L", "category": "Liquor"},
{"title": "Mountain Goat SIPA Can 375mL | 24 Pack", "price": "$56.00", "price_calculation": "$6.22 per 1L", "category": "Liquor"},
{"title": "Mornington Brown Ale Can 375mL | 24 Pack", "price": "$64.00", "price_calculation": "$7.11 per 1L", "category": "Liquor"},
{"title": "Bodriggy Stingray Draught Can 355mL | 24 Pack", "price": "$65.00", "price_calculation": "$7.63 per 1L", "category": "Liquor"},
{"title": "Hard Road Drongo's Revenge ESB Can 375mL | 16 Pack", "price": "$66.00", "price_calculation": "$11.00 per 1L", "category": "Liquor"},
{"title": "Hard Road Righty's Pale Ale Can 375mL | 16 Pack", "price": "$66.00", "price_calculation": "$11.00 per 1L", "category": "Liquor"},
{"title": "Moon Dog Fizzer Strawberries & Cream 330mL | 24 Pack", "price": "$70.00", "price_calculation": "$8.84 per 1L", "category": "Liquor"},
{"title": "Moon Dog Tropical Beer Can 330mL | 24 Pack", "price": null, "price_calculation": null, "category": "Liquor"},
{"title": "Ray Watermelon & Mint Seltzer Can 330mL | 16 Pack", "price": "$72.00", "price_calculation": "$13.64 per 1L", "category": "Liquor"},
{"title": "Five 3 Brewing The Long Session Can 375mL | 24 Pack", "price": "$78.00", "price_calculation": "$8.67 per 1L", "category": "Liquor"},
{"title": "Burnley Brewing Summer Ale Can 355mL | 24 Pack", "price": "$79.00", "price_calculation": "$9.29 per 1L", "category": "Liquor"},
{"title": "Burnley Brewing Pale Ale Can 440mL | 16 pack", "price": "$80.00", "price_calculation": "$11.36 per 1L", "category": "Liquor"},
{"title": "Five 3 Brewing Rocket's Pale Ale Can 375mL | 24 Pack", "price": "$83.00", "price_calculation": "$9.22 per 1L", "category": "Liquor"},
{"title": "Canard Duchene Brut Vintage Champagne 750mL | 1 Each", "price": "$85.00", "price_calculation": "$113.33 per 1L", "category": "Liquor"},
{"title": "Hop Nation The Heart Pale Ale Can 375mL | 24 Pack", "price": "$89.00", "price_calculation": "$0.99 per 100mL", "category": "Liquor"},
{"title": "Mismatch Galaxy Hopped Cider Can 375mL | 24 Pack", "price": "$95.00", "price_calculation": "$10.56 per 1L", "category": "Liquor"},
{"title": "Moon Dog Fruit Sour 1 Can 330mL | 24 Pack", "price": "$97.00", "price_calculation": "$12.25 per 1L", "category": "Liquor"},
{"title": "Actual Seltzer Mango Can 300mL | 24 Pack", "price": "$105.00", "price_calculation": "$14.58 per 1L", "category": "Liquor"},
{"title": "Five 3 Brewing Hazy Lager Can 375mL | 24 Pack", "price": "$105.00", "price_calculation": "$11.67 per 1L", "category": "Liquor"},
{"title": "Moon Dog Fizzer Seltzer 6% Can 330mL | 30 Pack", "price": "$110.00", "price_calculation": "$11.11 per 1L", "category": "Liquor"},
{"title": "Strongbow Ultra Mango Cider Can 330mL | 24 Pack", "price": "$113.00", "price_calculation": "$14.27 per 1L", "category": "Liquor"},
{"title": "Kentucky Bourbon Double Serve & Cola Can 375mL | 24 Pack", "price": "$113.00", "price_calculation": "$12.56 per 1L", "category": "Liquor"},
{"title": "Smirnoff Seltzer Raspberry Rose Can 250mL | 24 Pack", "price": null, "price_calculation": null, "category": "Liquor"},
{"title": "Schweppes Lemon Lime Bitter Mixers 4X300Ml | 4 pack", "price": "$6.90", "price_calculation": "$5.75 per 1L", "category": "Drinks"},
{"title": "Solo Zero Sugar Lemon Soft Drink Can 10x375mL | 10 pack", "price": "$7.50", "price_calculation": "$2.00 per 1L", "category": "Drinks"},
{"title": "Kirks Soft Drink Creamy Soda | 1.25L", "price": "$1.60", "price_calculation": "$1.28 per 1L", "category": "Drinks"},
{"title": "Olay Regenerist Cream Night Revitalising | 50g", "price": "$45.00", "price_calculation": "$90.00 per 100g", "category": "Health & Beauty"},
{"title": "Kirks Soft Drink Lemonade | 1.25L", "price": "$1.60", "price_calculation": "$1.28 per 1L", "category": "Drinks"},
{"title": "L'Oreal True Match Serum Foundation Light | 30mL", "price": "$45.00", "price_calculation": "$15.00 per 10mL", "category": "Health & Beauty"},
{"title": "7up Lemonade Soft Drink Bottle | 1.25L", "price": "$1.70", "price_calculation": "$1.36 per 1L", "category": "Drinks"},
{"title": "L'Oreal True Match Serum Foundation Light - Medium | 30mL", "price": "$45.00", "price_calculation": "$15.00 per 10mL", "category": "Health & Beauty"},
{"title": "Mother Energy Drink Zero Sugar Razzleberry Can | 500mL", "price": "$2.85", "price_calculation": "$5.70 per 1L", "category": "Drinks"},
{"title": "L'oreal True Match Serum Foundation Medium 4-5 | 30mL", "price": "$45.00", "price_calculation": "$15.00 per 10mL", "category": "Health & Beauty"},
{"title": "Schweppes Lemonade | 2L", "price": "$3.00", "price_calculation": "$1.50 per 1L", "category": "Drinks"},
{"title": "Oral 3D 3D Whitening Strips Sensitive | 14 pack", "price": "$45.00", "price_calculation": "$3.21 per 1ea", "category": "Health & Beauty"},
{"title": "Oak Plus NSA Chocolate Flavoured Milk | 500mL", "price": "$3.70", "price_calculation": "$7.40 per 1L", "category": "Drinks"},
{"title": "Olay Regenerist Revitalising Cream Hydra | 50mL", "price": "$45.00", "price_calculation": "$90.00 per 100mL", "category": "Health & Beauty"},
{"title": "Australia's Own Chocolate Hazelnut Milk | 1L", "price": "$3.70", "price_calculation": "$3.70 per 1L", "category": "Drinks"},
{"title": "Metamucil  Orange 72 Doses | 850g", "price": "$46.50", "price_calculation": "$5.47 per 100g", "category": "Health & Beauty"},
{"title": "Gatorade No Sugar Orange | 600mL", "price": "$3.85", "price_calculation": "$6.42 per 1L", "category": "Drinks"},
{"title": "Oral B Cross Action Electric Brush Replacement Head | 5 pack", "price": "$46.80", "price_calculation": "$9.36 per 1ea", "category": "Health & Beauty"},
{"title": "Bickford's Prune Juice | 1L", "price": "$5.20", "price_calculation": "$5.20 per 1L", "category": "Drinks"},
{"title": "Oral B Power Brush Refill Eb60 Extra Sensitive | 5 pack", "price": "$49.00", "price_calculation": "$9.80 per 1ea", "category": "Health & Beauty"},
{"title": "Sprite Lemonade Soft Drink Multipack Mini Cans 6x250mL | 6 pack", "price": "$5.80", "price_calculation": "$3.87 per 1L", "category": "Drinks"},
{"title": "Nicorette Quit Smoking Regular Strength Nicotine Gum Icy Mint | 150 pack", "price": "$49.99", "price_calculation": "$0.33 per 1ea", "category": "Health & Beauty"},
{"title": "Moccona Classic Dark Roast Instant Coffee | 400g", "price": "$18.00", "price_calculation": "$4.50 per 100g", "category": "Drinks"},
{"title": "Nicorette Quit Smoking Regular Strength Nicotine Gum Spearmint | 150 pack", "price": "$49.99", "price_calculation": "$0.33 per 1ea", "category": "Health & Beauty"},
{"title": "Schweppes Mineral Water Lemon Lime | 1.1L", "price": "$1.50", "price_calculation": "$1.36 per 1L", "category": "Drinks"},
{"title": "Nicorette Quit Smoking Extra Strength Nicotine Gum Spearmint | 150 pack", "price": "$49.99", "price_calculation": "$0.33 per 1ea", "category": "Health & Beauty"},
{"title": "La Ice No Sugar Cola Soft Drink | 2L", "price": "$1.60", "price_calculation": "$0.80 per 1L", "category": "Drinks"},
{"title": "Nicorette Quit Smoking Regular Strength Nicotine Gum Classic | 150 pack", "price": "$49.99", "price_calculation": "$0.33 per 1ea", "category": "Health & Beauty"},
{"title": "Fuze Mango Green Iced Tea Bottle | 500mL", "price": "$1.80", "price_calculation": "$3.60 per 1L", "category": "Drinks"},
{"title": "Nicorette Quit Smoking Extra Strength Nicotine Gum Classic | 150 pack", "price": "$49.99", "price_calculation": "$0.33 per 1ea", "category": "Health & Beauty"},
{"title": "Coles Apple Fruit Drink 250mL | 6 Pack", "price": "$2.50", "price_calculation": "$1.67 per 1L", "category": "Drinks"},
{"title": "Braun Face Mini Hair Remover | 1 each", "price": "$50.00", "price_calculation": "$50.00 per 1ea", "category": "Health & Beauty"},
{"title": "Maximus Sports Drink Passionfruit | 1 L", "price": "$2.50", "price_calculation": "$2.50 per 1L", "category": "Drinks"},
{"title": "Oral B Vitality Ecobox 3D White Electric Toothbrush | 1 pack", "price": "$50.00", "price_calculation": "$50.00 per 1ea", "category": "Health & Beauty"},
{"title": "Devondale Sparkling Juice Apple | 750mL", "price": "$3.10", "price_calculation": "$4.13 per 1L", "category": "Drinks"},
{"title": "Oral B Vitality Ecobox Cross Action Electric Toothbrush | 1 pack", "price": "$50.00", "price_calculation": "$50.00 per 1ea", "category": "Health & Beauty"},
{"title": "Boss Double Espresso Coffee | 237mL", "price": "$3.85", "price_calculation": "$16.25 per 1L", "category": "Drinks"},
{"title": "Oral B Vitality Frozen + Star Wars Electric Toothbrush | 1 pack", "price": "$50.00", "price_calculation": "$50.00 per 1ea", "category": "Health & Beauty"},
{"title": "G Active Grape Electrolyte Water | 600mL", "price": "$3.85", "price_calculation": "$6.42 per 1L", "category": "Drinks"},
{"title": "Flawless Dermaplane | 1 each", "price": "$50.00", "price_calculation": "$50.00 per 1ea", "category": "Health & Beauty"},
{"title": "Nudie Nothing But Juice Orange | 3L", "price": "$11.00", "price_calculation": "$3.67 per 1L", "category": "Drinks"},
{"title": "Essano Facvisible Repair Facial Elixirial Elixir | 20mL", "price": "$50.00", "price_calculation": "$250.00 per 100mL", "category": "Health & Beauty"},
{"title": "Mountain Dew Caffeinated Citrus | 1.25L", "price": "$1.70", "price_calculation": "$1.36 per 1L", "category": "Drinks"},
{"title": "Colgate Optic White Pro Series 4.5% Express Pen | 1 pack", "price": "$50.00", "price_calculation": "$50.00 per 1ea", "category": "Health & Beauty"},
{"title": "Powerade ION4 Blackcurrent Sports Drink Sipper Cap | 600mL", "price": "$2.30", "price_calculation": "$3.83 per 1L", "category": "Drinks"},
{"title": "Oral B Vitality Ecobox Precision Clean Electric Toothbrush | 1 pack", "price": "$50.00", "price_calculation": "$50.00 per 1ea", "category": "Health & Beauty"},
{"title": "Coles Apple & Blackcurrant Fruit Drink Multipack 250mL | 6 Pack", "price": "$2.50", "price_calculation": "$1.67 per 1L", "category": "Drinks"},
{"title": "Nicabate CQ Patch 21Mg | 14 pack", "price": "$50.00", "price_calculation": "$3.57 per 1ea", "category": "Health & Beauty"},
{"title": "Lipton Mango Ice Tea | 1.5L", "price": "$2.90", "price_calculation": "$1.93 per 1L", "category": "Drinks"},
{"title": "Olay Mask AHA Vitamin C Resurfacing 2 Step Peel Kit | 1 pack", "price": "$55.00", "price_calculation": "$55.00 per 1ea", "category": "Health & Beauty"},
{"title": "Boost Energy Lift Juice Chilled | 1L", "price": "$4.40", "price_calculation": "$4.40 per 1L", "category": "Drinks"},
{"title": "Swisse Beauty Collagen Glow With Collagen Peptides | 120 pack", "price": "$56.00", "price_calculation": "$46.67 per 100ea", "category": "Health & Beauty"},
{"title": "Golden Circle Pineapple Juice Fruit Juice | 2L", "price": "$4.80", "price_calculation": "$2.40 per 1L", "category": "Drinks"},
{"title": "Olay Regenerist Retinol 24 Night Face Moisturiser | 50g", "price": "$59.00", "price_calculation": "$118.00 per 100g", "category": "Health & Beauty"},
{"title": "Devondale Moo Strawberry Flavoured Milk 200mL | 6 pack", "price": "$5.90", "price_calculation": "$4.92 per 1L", "category": "Drinks"},
{"title": "Olay Eyes Pro-Retinol Eye Treatment | 15mL", "price": "$60.00", "price_calculation": "$400.03 per 100mL", "category": "Health & Beauty"},
{"title": "Red Bull Sugar Free Energy Drink 4X250mL | 4 pack", "price": "$11.25", "price_calculation": "$11.25 per 1L", "category": "Drinks"},
{"title": "Olay Eyes Ultimate Eye Cream | 15mL", "price": "$60.00", "price_calculation": "$400.03 per 100mL", "category": "Health & Beauty"},
{"title": "Schweppes Natural Mineral Water | 1.1L", "price": "$1.50", "price_calculation": "$1.36 per 1L", "category": "Drinks"},
{"title": "Olay Eye Deep Hydrating Gel | 15mL", "price": "$60.00", "price_calculation": "$400.03 per 100mL", "category": "Health & Beauty"},
{"title": "Vitasoy Natural Creamy Long Life Soy Milk 1L | 1L", "price": "$3.00", "price_calculation": "$3.00 per 1L", "category": "Drinks"},
{"title": "Olay Regenerist Whip Active Moisturiser Cream | 50g", "price": "$60.00", "price_calculation": "$120.00 per 100g", "category": "Health & Beauty"},
{"title": "Nudie Nothing But Juice Orange Pulp Free | 400mL", "price": "$3.40", "price_calculation": "$8.50 per 1L", "category": "Drinks"},
{"title": "Olay Luminous Whip Face Cream | 50g", "price": "$60.00", "price_calculation": "$120.00 per 100g", "category": "Health & Beauty"},
{"title": "Impressed Essentials Orange Juice Pulp Free | 1L", "price": "$3.50", "price_calculation": "$3.50 per 1L", "category": "Drinks"},
{"title": "Olay Regenerist Whip UV SPF 30 Active Moisturiser | 50g", "price": "$60.00", "price_calculation": "$120.00 per 100g", "category": "Health & Beauty"},
{"title": "Pump Berry Storm Water Bottle | 750mL", "price": "$3.65", "price_calculation": "$4.87 per 1L", "category": "Drinks"},
{"title": "Olay Eyes Retinol24 Night Eye Cream | 15mL", "price": "$60.00", "price_calculation": "$400.03 per 100mL", "category": "Health & Beauty"},
{"title": "Gatorade Tropical Fruit Sports Drink | 600mL", "price": "$3.85", "price_calculation": "$6.42 per 1L", "category": "Drinks"},
{"title": "Metamucil Fibre Caps | 300 pack", "price": "$60.00", "price_calculation": "$0.20 per 1ea", "category": "Health & Beauty"},
{"title": "Pureau Pure Water 600mL | 6 pack", "price": "$4.30", "price_calculation": "$1.19 per 1L", "category": "Drinks"},
{"title": "Olay Luminous Niacinmaide + Hyaluronic Super Serum | 30mL", "price": "$60.00", "price_calculation": "$200.01 per 100mL", "category": "Health & Beauty"},
{"title": "Campbell's V8 Breakfast Juice | 1.25L", "price": "$5.50", "price_calculation": "$4.40 per 1L", "category": "Drinks"},
{"title": "Olay Luminous Niacinamide + Cica Super Serum | 30mL", "price": "$60.00", "price_calculation": "$200.01 per 100mL", "category": "Health & Beauty"},
{"title": "Nestle Milo Chocolate Malt Powder Drink Hot Or Cold | 1kg", "price": "$12.00", "price_calculation": "$1.20 per 100g", "category": "Drinks"},
{"title": "Olay Luminous Niacinamide Super Serum | 30mL", "price": "$60.00", "price_calculation": "$200.01 per 100mL", "category": "Health & Beauty"},
{"title": "Soda Stream Gas Cylinder | 1pack", "price": "$35.00", "price_calculation": "$35.00 per 1ea", "category": "Drinks"},
{"title": "Olay Regenerist Collagen Peptide 24 Serum | 30mL", "price": "$60.00", "price_calculation": "$200.01 per 100mL", "category": "Health & Beauty"},
{"title": "Olay Regenerist Collagen Peptide 24 Eye Cream | 15mL", "price": "$60.00", "price_calculation": "$40.00 per 10mL", "category": "Health & Beauty"},
{"title": "Olay Regenerist Collagen Peptide 24 Moisturiser | 50g", "price": "$60.00", "price_calculation": "$120.00 per 100g", "category": "Health & Beauty"},
{"title": "Stomping Ground Big Sky Hazy Pale Can 355mL | 18 Pack", "price": "$52.00", "price_calculation": "$8.14 per 1L", "category": "Liquor"},
{"title": "Oral B Whte Emulsions Apply Go Light | 1 pack", "price": "$60.00", "price_calculation": "$60.00 per 1ea", "category": "Health & Beauty"},
{"title": "Brewmanity Slider Cold XPA Can 375mL | 24 Pack", "price": "$79.00", "price_calculation": "$8.78 per 1L", "category": "Liquor"},
{"title": "Olay Luminous Niacinamide + Vitamin C Moisturiser | 50g", "price": "$60.00", "price_calculation": "$120.00 per 100g", "category": "Health & Beauty"},
{"title": "Actual Vodka Seltzer & Lime Cans 300mL | 24 Pack", "price": "$110.00", "price_calculation": "$15.28 per 1L", "category": "Liquor"},
{"title": "Olay Luminous Vitamin C + Niacinamide Eye Cream | 15mL", "price": "$60.00", "price_calculation": "$400.03 per 100mL", "category": "Health & Beauty"},
{"title": "Bundaberg Alcoholic Lemon Lime Bitters Can 375mL | 24 Pack", "price": "$118.00", "price_calculation": "$13.11 per 1L", "category": "Liquor"},
{"title": "Olay Luminous Niacinamide + AHA Cream | 50g", "price": "$60.00", "price_calculation": "$120.00 per 100g", "category": "Health & Beauty"},
{"title": "WHITE CLAW WHITE CLAW VARIETY CAN 33", "price": null, "price_calculation": null, "category": "Liquor"},
{"title": "Olay Luminous Niacinamide + AHA Serum | 30mL", "price": "$60.00", "price_calculation": "$200.01 per 100mL", "category": "Health & Beauty"},
{"title": "Captain Morgan Spiced Rum & Cola Can 330mL | 24 Pack", "price": "$123.00", "price_calculation": "$17.08 per 1L", "category": "Liquor"},
{"title": "Olay Regenerist Antioxident Cream | 50g", "price": "$60.00", "price_calculation": "$120.00 per 100g", "category": "Health & Beauty"},
{"title": "Smirnoff Ice Double Black Can 375mL | 30 Pack", "price": "$162.00", "price_calculation": "$1.44 per 100mL", "category": "Liquor"},
{"title": "Olay Regenerist Antioxident Serum | 30mL", "price": "$60.00", "price_calculation": "$200.01 per 100mL", "category": "Health & Beauty"},
{"title": "Smirnoff Ice Double Black Guarana Can 250mL | 24 Pack", "price": "$167.00", "price_calculation": "$27.83 per 1L", "category": "Liquor"},
{"title": "Local Brewing Sustainable Sour Mango Can 375mL | 24 Pack", "price": "$70.00", "price_calculation": "$7.78 per 1L", "category": "Liquor"},
{"title": "Rekorderlig Strawberry & Lime Cider Bottle 330mL | 24 Pack", "price": "$104.00", "price_calculation": "$13.13 per 1L", "category": "Liquor"},
{"title": "Billson's Lemonade Popsicle Vodka Mixed Drink Can 355mL | 24 Pack", "price": "$130.00", "price_calculation": "$15.26 per 1L", "category": "Liquor"},
{"title": "Jameson Smooth Dry & Lime Can 375mL | 24 Pack", "price": "$165.00", "price_calculation": "$18.33 per 1L", "category": "Liquor"},
{"title": "Rosie Spritz 330mL | 1 Each", "price": "$7.00", "price_calculation": "$21.21 per 1L", "category": "Liquor"},
{"title": "Moon Dog Ginger Beer Can 330mL | 24 Pack", "price": "$79.00", "price_calculation": null, "category": "Liquor"},
{"title": "Billson's Rainbow Sherbet Vodka Mixed Drink Can 355mL | 24 Pack", "price": "$130.00", "price_calculation": "$15.26 per 1L", "category": "Liquor"},
{"title": "Brown & Co A Little Refreshing Rose 250mL | 1 Each", "price": "$6.50", "price_calculation": null, "category": "Liquor"},
{"title": "Jetty Road Refreshing Ale Can 375mL | 6 Pack", "price": "$14.00", "price_calculation": "$6.22 per 1L", "category": "Liquor"},
{"title": "Just Vodka Soda Grape 6% Can 330mL | 16 Pack", "price": "$81.00", "price_calculation": "$15.34 per 1L", "category": "Liquor"},
{"title": "CBCo Watermelon & Raspberry Sour Can 375mL | 24 Pack", "price": "$90.00", "price_calculation": "$10.00 per 1L", "category": "Liquor"},
{"title": "Gweilo Ginger Beer Can 375mL | 24 Pack", "price": "$95.00", "price_calculation": "$10.56 per 1L", "category": "Liquor"},
{"title": "Aperol Spritz Bottle 175mL | 24 Pack", "price": "$120.00", "price_calculation": "$28.57 per 1L", "category": "Liquor"},
{"title": "Smirnoff Ice Double Black Zero 6.5% Can 330mL | 24 Pack", "price": "$155.00", "price_calculation": "$19.57 per 1L", "category": "Liquor"},
{"title": "Burnley Brewing Pale Ale Can 440mL | 4 pack", "price": "$26.00", "price_calculation": "$14.77 per 1L", "category": "Liquor"},
{"title": "Sungazer Raspberry Fruity Beer Can 300mL | 16 Pack", "price": "$40.00", "price_calculation": "$8.33 per 1L", "category": "Liquor"},
{"title": "Patient Wolf Summer Thyme Gin 700mL | 1 Each", "price": "$69.00", "price_calculation": "$98.57 per 1L", "category": "Liquor"},
{"title": "JACK DANIELS JACK DANIELS & NO SUGAR C", "price": null, "price_calculation": null, "category": "Liquor"},
{"title": "Hop Nation The Heart Pale Ale Can 375mL | 16 Pack", "price": "$60.00", "price_calculation": "$10.00 per 1L", "category": "Liquor"},
{"title": "Coldstream IPA Can 375mL | 24 Pack", "price": "$66.00", "price_calculation": "$7.33 per 1L", "category": "Liquor"},
{"title": "Vodka Cruiser Strawberry Soda Spritz Can 275mL | 24 Pack", "price": "$81.00", "price_calculation": "$12.27 per 1L", "category": "Liquor"},
{"title": "Galway Pipe Rare Tawny 25 Year Old 500mL | 1 Each", "price": "$100.00", "price_calculation": "$200.00 per 1L", "category": "Liquor"},
{"title": "The Hills Tropical Sour Cider Can 375mL | 24 Pack", "price": "$105.00", "price_calculation": "$11.67 per 1L", "category": "Liquor"},
{"title": "Jameson Soda Ginger Lime 4.8% Can 375mL | 24 Pack", "price": "$120.00", "price_calculation": "$13.33 per 1L", "category": "Liquor"},
{"title": "Jim Beam White & Cola Can 375mL | 30 pack", "price": "$131.00", "price_calculation": "$1.16 per 100mL", "category": "Liquor"},
{"title": "Smirnoff Seltzer Mixed Berry Can 250mL | 24 Pack", "price": "$132.00", "price_calculation": "$22.00 per 1L", "category": "Liquor"},
{"title": "Jameson Raw and Cola Can 375mL | 24 Pack", "price": "$165.00", "price_calculation": "$18.33 per 1L", "category": "Liquor"},
{"title": "Five 3 Brewing Hazy Lager Can 375mL | 4 Pack", "price": "$23.00", "price_calculation": "$15.33 per 1L", "category": "Liquor"},
{"title": "Deeds XPA Can 375mL | 24 Pack", "price": "$60.00", "price_calculation": "$6.67 per 1L", "category": "Liquor"},
{"title": "Coldstream Pale Ale Can 375mL | 24 Pack", "price": "$62.00", "price_calculation": "$6.89 per 1L", "category": "Liquor"},
{"title": "Monteiths Crushed Apple Cider Can 330mL | 24 Pack", "price": "$65.00", "price_calculation": "$8.21 per 1L", "category": "Liquor"},
{"title": "Strongbow Original Cider Can 375mL  | 30 Pack", "price": "$82.00", "price_calculation": "$7.29 per 1L", "category": "Liquor"},
{"title": "Jack Daniels & Cola Tallie Can 500mL | 12 Pack", "price": "$89.50", "price_calculation": "$14.92 per 1L", "category": "Liquor"},
{"title": "Jim Beam White & Cola Bottle 500mL | 12 pack", "price": "$100.00", "price_calculation": "$1.67 per 100mL", "category": "Liquor"},
{"title": "Rekorderlig Wild Berries Cider Bottle 330mL | 24 Pack", "price": "$104.00", "price_calculation": "$13.13 per 1L", "category": "Liquor"},
{"title": "Billson's Sarsaparilla Vodka Mixed Drink 355mL | 24 Pack", "price": "$130.00", "price_calculation": "$15.26 per 1L", "category": "Liquor"},
{"title": "Billson's Raspberry Vodka Mixed Drink 355mL | 24 Pack", "price": "$130.00", "price_calculation": "$15.26 per 1L", "category": "Liquor"},
{"title": "Billson's Fairy Floss Mixed Spirit Drink Can 355mL | 24 Pack", "price": "$130.00", "price_calculation": "$15.26 per 1L", "category": "Liquor"},
{"title": "Wild Turkey Rare & Cola Can 8% 320mL | 24 Pack", "price": "$180.00", "price_calculation": "$23.44 per 1L", "category": "Liquor"},
{"title": "Essano Expertise Bonding Repair Leave In Treatment | 50mL", "price": "$30.00", "price_calculation": "$60.00 per 100mL", "category": "Health & Beauty"},
{"title": "Essano Expertise Volumising Growth Conditioner | 600mL", "price": "$30.00", "price_calculation": "$5.00 per 100mL", "category": "Health & Beauty"},
{"title": "Essano Expertise Growth + Volume Treatment | 50mL", "price": "$30.00", "price_calculation": "$60.00 per 100mL", "category": "Health & Beauty"},
{"title": "Essano Expertise Detox Conditioner | 600mL", "price": "$30.00", "price_calculation": "$5.00 per 100mL", "category": "Health & Beauty"},
{"title": "Essano Expertise Detox Pre Rinse Treatment | 50mL", "price": "$30.00", "price_calculation": "$60.00 per 100mL", "category": "Health & Beauty"},
{"title": "Nicorette Quit Smoking Extra Strength Nicotine Gum Icy Mint | 75 pack", "price": "$30.00", "price_calculation": "$30.00 per 1ea", "category": "Health & Beauty"},
{"title": "Nicorette Quit Smoking Regular Strength Nicotine Gum Classic | 75 pack", "price": "$30.00", "price_calculation": "$30.00 per 1ea", "category": "Health & Beauty"},
{"title": "Swisse Ultiboost Hs Cranberry Capsules | 30 pack", "price": "$30.00", "price_calculation": "$1.00 per 1ea", "category": "Health & Beauty"},
{"title": "Gillette Venus Smooth Value Pack Razor Blade Refills | 8 pack", "price": "$30.50", "price_calculation": "$3.81 per 1ea", "category": "Health & Beauty"},
{"title": "Blackmores Probiotics+ Daily Health Capsules | 30 pack", "price": "$31.00", "price_calculation": "$103.34 per 100ea", "category": "Health & Beauty"},
{"title": "Nivea Cellular Expert Filler Hyaluronic Acid Serum | 30mL", "price": "$31.50", "price_calculation": "$105.00 per 100mL", "category": "Health & Beauty"},
{"title": "Invisible Zinc Tinted Daywear SPF 30 Light | 50g", "price": "$32.00", "price_calculation": "$64.00 per 100g", "category": "Health & Beauty"},
{"title": "L'Oreal Paris Infallible More Than Concealer Caramel | 11mL", "price": "$32.00", "price_calculation": "$29.09 per 10mL", "category": "Health & Beauty"},
{"title": "L'Oreal Paris Infallible More Than Concealer Bisque | 11mL", "price": "$32.00", "price_calculation": "$29.09 per 10mL", "category": "Health & Beauty"},
{"title": "Scholl Wart & Verruca Freeze Remover Kit | 1 pack", "price": "$32.00", "price_calculation": "$32.00 per 1ea", "category": "Health & Beauty"},
{"title": "Lifespace Urogen For Women | 40 pack", "price": "$32.00", "price_calculation": "$80.00 per 100ea", "category": "Health & Beauty"},
{"title": "Swisse Ultiboost Immune Action | 60 pack", "price": "$32.00", "price_calculation": "$53.33 per 100ea", "category": "Health & Beauty"},
{"title": "Swisse Beauty Collagen Renew Powder | 120g", "price": "$32.00", "price_calculation": "$26.67 per 100g", "category": "Health & Beauty"},
{"title": "L'Oreal Clinically Proven Lash Serum | 2mL", "price": "$32.00", "price_calculation": "$160.00 per 10mL", "category": "Health & Beauty"},
{"title": "Revlon Photoready Rose Glow Primer | 30mL", "price": "$32.00", "price_calculation": "$10.67 per 10mL", "category": "Health & Beauty"},
{"title": "Revlon Photoready Prime Plus Primer | 30mL", "price": "$32.00", "price_calculation": "$10.67 per 10mL", "category": "Health & Beauty"},
{"title": "L'oreal Paris 2 Step Lipstick Toujours Toffee | 5.7mL", "price": "$32.00", "price_calculation": "$56.14 per 10mL", "category": "Health & Beauty"},
{"title": "L'Oreal Paris Infallible 2Step Lipstick Proof Rose | 5.7mL", "price": "$32.00", "price_calculation": "$56.14 per 10mL", "category": "Health & Beauty"},
{"title": "Hough Diagnostic Home Test Kit UTI | 4 pack", "price": "$32.00", "price_calculation": "$8.00 per 1ea", "category": "Health & Beauty"},
{"title": "Comvita Olive Leaf Extract Natural | 500mL", "price": "$32.50", "price_calculation": "$6.50 per 100mL", "category": "Health & Beauty"},
{"title": "Swisse Ultiboost Ashwagandha Calm+ | 60 pack", "price": "$32.50", "price_calculation": "$0.54 per 1ea", "category": "Health & Beauty"},
{"title": "Nicorette Quit Smoking Nicotine 16 hour Invisipatch Step 1 25mg | 7 pack", "price": "$33.00", "price_calculation": "$4.71 per 1ea", "category": "Health & Beauty"},
{"title": "Revlon Light / Medium Mineral Make Up Powder | 28.3g", "price": "$33.00", "price_calculation": "$11.66 per 10g", "category": "Health & Beauty"},
{"title": "Neutrogena Rapid Wrinkle Repair Retinol Regenerating Cream | 48g", "price": "$33.00", "price_calculation": "$68.75 per 100g", "category": "Health & Beauty"},
{"title": "L'Oreal Paris Infallible Matte Finish Foundation Rose Vanilla | 35mL", "price": "$33.00", "price_calculation": "$9.43 per 10mL", "category": "Health & Beauty"},
{"title": "L'Oreal Infallible Matte Finish Foundation Rose Beige | 35mL", "price": "$33.00", "price_calculation": "$9.43 per 10mL", "category": "Health & Beauty"},
{"title": "L'Oreal Paris Infallible Matte Finish Foundation Sand | 35mL", "price": "$33.00", "price_calculation": "$9.43 per 10mL", "category": "Health & Beauty"},
{"title": "L'Oreal Infallible Matte Finish Foundation Golden Amber | 35mL", "price": "$33.00", "price_calculation": "$9.43 per 10mL", "category": "Health & Beauty"},
{"title": "L'Oreal Infallible Matte Finish Foundation Golden Sand | 35mL", "price": "$33.00", "price_calculation": "$9.43 per 10mL", "category": "Health & Beauty"},
{"title": "Glow Lab Hydrating Conditioner | 600mL", "price": "$33.00", "price_calculation": "$5.50 per 100mL", "category": "Health & Beauty"},
{"title": "Nicorette Invisipatch 15Mg | 7 pack", "price": "$33.00", "price_calculation": "$4.71 per 1ea", "category": "Health & Beauty"},
{"title": "Revlon Colorstay Grip Matte Primer | 30mL", "price": "$33.00", "price_calculation": "$11.00 per 10mL", "category": "Health & Beauty"},
{"title": "L'Oreal Pro XXL Volume Black Mascara | 12mL", "price": "$33.00", "price_calculation": "$275.00 per 100mL", "category": "Health & Beauty"},
{"title": "L'Oreal Pro XXL Xtension Black Mascara | 12mL", "price": "$33.00", "price_calculation": "$275.00 per 100mL", "category": "Health & Beauty"},
{"title": "L'Oreal Pro XXL Lift Black Mascara | 12mL", "price": "$33.00", "price_calculation": "$275.00 per 100mL", "category": "Health & Beauty"},
{"title": "Glow Lab Thick & Full Shampoo | 600mL", "price": "$33.00", "price_calculation": "$5.50 per 100mL", "category": "Health & Beauty"},
{"title": "Glow Lab Thick & Full Conditioner | 600mL", "price": "$33.00", "price_calculation": "$5.50 per 100mL", "category": "Health & Beauty"},
{"title": "L'Oreal True Match Liquid Foundation Vanilla | 30mL", "price": "$34.00", "price_calculation": "$11.33 per 10mL", "category": "Health & Beauty"},
{"title": "Essano Collagen Boost Rosehip Oil Serum | 30mL", "price": "$34.00", "price_calculation": "$113.34 per 100mL", "category": "Health & Beauty"},
{"title": "Invisible Zinc Sheer Defence Tinted Moisturiser SPF 50 Light | 50g", "price": "$34.00", "price_calculation": "$68.00 per 100g", "category": "Health & Beauty"},
{"title": "Invisible Zinc Sheer Defence Tinted Moisturiser SPF 50 Medium | 50g", "price": "$34.00", "price_calculation": "$68.00 per 100g", "category": "Health & Beauty"},
{"title": "L'Oreal True Match Liquid Foundation Honey | 30mL", "price": "$34.00", "price_calculation": "$11.33 per 10mL", "category": "Health & Beauty"},
{"title": "L'Oreal True Match Liquid Foundation Golden Sand | 30mL", "price": "$34.00", "price_calculation": "$11.33 per 10mL", "category": "Health & Beauty"},
{"title": "Pimms Long Lemonade Can 250mL | 24 Pack", "price": "$138.00", "price_calculation": "$23.00 per 1L", "category": "Liquor"},
{"title": "Four Pillars Bloody Shiraz Gin & Tonic Can 250mL | 24 Pack", "price": "$138.00", "price_calculation": "$23.00 per 1L", "category": "Liquor"},
{"title": "Wild Turkey Cola Can 375mL | 30 Pack", "price": "$151.00", "price_calculation": "$13.42 per 1L", "category": "Liquor"},
{"title": "White Claw Surge Blackberry Can 330mL | 24 Pack", "price": "$158.00", "price_calculation": null, "category": "Liquor"},
{"title": "LOCAL BREWING LOCAL BREWING SUSTAINABLE", "price": null, "price_calculation": null, "category": "Liquor"},
{"title": "Southern Comfort Cola Cans 375mL | 4 pack", "price": "$20.00", "price_calculation": "$13.33 per 1L", "category": "Liquor"},
{"title": "Moon Dog Fizzer Tropical Crush 330mL | 6 Pack", "price": "$22.00", "price_calculation": "$11.11 per 1L", "category": "Liquor"},
{"title": "Beenleigh White Rum 750mL | 1 Each", "price": "$25.00", "price_calculation": null, "category": "Liquor"},
{"title": "CBCo Watermelon & Raspberry Sour Can 375mL | 6 Pack", "price": "$31.00", "price_calculation": "$13.78 per 1L", "category": "Liquor"},
{"title": "Old Lions Gin 700mL | 1 Each", "price": "$36.00", "price_calculation": "$51.43 per 1L", "category": "Liquor"},
{"title": "Pirate Life Burton Frontside Ale Can 355mL | 16 Pack", "price": "$49.00", "price_calculation": "$8.63 per 1L", "category": "Liquor"},
{"title": "Pirate Life Strong Lemon Crush Can 355mL | 16 Pack", "price": "$56.00", "price_calculation": "$9.86 per 1L", "category": "Liquor"},
{"title": "Coldstream Pilsner Can 375mL | 24 Pack", "price": "$62.00", "price_calculation": "$6.89 per 1L", "category": "Liquor"},
{"title": "Hard Road Belgian Pale Ale Can 375mL | 16 Pack", "price": "$66.00", "price_calculation": "$11.00 per 1L", "category": "Liquor"},
{"title": "Wolf Of The Willows Mid Can 355mL | 24 Pack", "price": "$69.00", "price_calculation": "$8.10 per 1L", "category": "Liquor"},
{"title": "Nosh Boozy Seltzer Mango Pineapple Can 330mL | 24 Pack", "price": null, "price_calculation": null, "category": "Liquor"},
{"title": "Brewmanity The Social Beast Pale Ale Can 375mL | 24 Pack", "price": null, "price_calculation": null, "category": "Liquor"},
{"title": "Burnley Brewing Helles Can 440mL | 16 pack", "price": "$75.00", "price_calculation": "$1.07 per 100mL", "category": "Liquor"},
{"title": "Hop Nation J-Juice Can 375mL | 16 Pack", "price": "$80.00", "price_calculation": "$13.33 per 1L", "category": "Liquor"},
{"title": "Wolf Of The Willows IPA Homage Can 355mL | 24 Pack", "price": null, "price_calculation": null, "category": "Liquor"},
{"title": "Ned Australian Whisky & Cola Can 375mL | 16 Pack", "price": "$93.00", "price_calculation": "$15.50 per 1L", "category": "Liquor"},
{"title": "Ned Australian Whisky & Soda Apple Can 375mL | 16 Pack", "price": "$93.00", "price_calculation": "$15.50 per 1L", "category": "Liquor"},
{"title": "Deeds Juice Train NEIPA Can 375mL | 24 Pack", "price": "$95.00", "price_calculation": "$10.56 per 1L", "category": "Liquor"},
{"title": "Mismatch Sour Cherry Cider Can 375mL | 24 Pack", "price": "$95.00", "price_calculation": "$10.56 per 1L", "category": "Liquor"},
{"title": "James Squire 150 Lashes Can 330mL | 30 pack", "price": "$98.00", "price_calculation": "$0.99 per 100mL", "category": "Liquor"},
{"title": "Bad Shepherd Margarita Sour Can 355mL | 24 Pack", "price": "$98.00", "price_calculation": "$11.50 per 1L", "category": "Liquor"},
{"title": "Rekorderlig Strawberry & Lime Cider Bottle 500mL | 15 Pack", "price": "$107.00", "price_calculation": "$14.27 per 1L", "category": "Liquor"},
{"title": "Malibu & Cola Can 250mL | 24 Pack", "price": "$108.00", "price_calculation": "$18.00 per 1L", "category": "Liquor"},
{"title": "Smirnoff Seltzer Natural Orange Can 250mL | 24 Pack", "price": "$110.00", "price_calculation": "$18.33 per 1L", "category": "Liquor"},
{"title": "Kentucky Bourbon Double Serve & Cola No Sugar Can 375mL | 24 Pack", "price": "$113.00", "price_calculation": "$12.56 per 1L", "category": "Liquor"},
{"title": "Wild Turkey Cola 101 Can 375mL | 20 Pack", "price": "$125.00", "price_calculation": "$16.67 per 1L", "category": "Liquor"},
{"title": "Billson's Lime Vodka Mixed Drink 355mL | 24 Pack", "price": "$128.00", "price_calculation": "$15.02 per 1L", "category": "Liquor"},
{"title": "Jack Daniels Apple & Soda Can 330mL | 24 Pack", "price": "$130.00", "price_calculation": "$16.41 per 1L", "category": "Liquor"},
{"title": "Four Pillars Rare Dry Gin & Tonic Can 250mL | 24 Pack", "price": "$138.00", "price_calculation": "$23.00 per 1L", "category": "Liquor"},
{"title": "Four Pillars Fresh Yuzu Gin & Soda Can 250mL | 24 Pack", "price": "$138.00", "price_calculation": "$23.00 per 1L", "category": "Liquor"},
{"title": "Kentucky Bourbon Double Serve & Cola Can 375mL | 30 Pack", "price": "$139.00", "price_calculation": "$12.36 per 1L", "category": "Liquor"},
{"title": "Bacardi Mojito Can 250mL | 24 Pack", "price": "$145.00", "price_calculation": "$24.17 per 1L", "category": "Liquor"},
{"title": "Wild Turkey 101 & Cola Long Serve | 12 carton", "price": "$151.00", "price_calculation": "$2.47 per 100mL", "category": "Liquor"},
{"title": "Smirnoff Ice Double Black 8% Can 250mL | 24 Pack", "price": "$155.00", "price_calculation": "$25.83 per 1L", "category": "Liquor"},
{"title": "White Claw Surge Blood Orange Can 330mL | 24 Pack", "price": "$158.00", "price_calculation": null, "category": "Liquor"},
{"title": "Tanqueray Tonic Bottle 275mL | 24 pack", "price": "$179.00", "price_calculation": "$27.12 per 1L", "category": "Liquor"},
{"title": "Tanqueray Blackcurrant and Soda Bottle 275mL | 24 Pack", "price": "$179.00", "price_calculation": "$27.12 per 1L", "category": "Liquor"},
{"title": "Penfolds RWT Shiraz 2011 750mL | 1 Each", "price": "$195.00", "price_calculation": "$260.00 per 1L", "category": "Liquor"},
{"title": "Dom Perignon Vintage Champagne 750mL | 1 Each", "price": "$305.00", "price_calculation": null, "category": "Liquor"},
{"title": "Penfolds Grange Shiraz 2015 750mL | 1 Each", "price": "$1,100.00", "price_calculation": "$1,466.67 per 1L", "category": "Liquor"},
{"title": "SOMMA Watermelon & Lime Alcoholic Seltzer Can 250mL | 24 Pack", "price": "$103.00", "price_calculation": "$17.17 per 1L", "category": "Liquor"},
{"title": "XXXX Zero 6X330mL | 6 pack", "price": "$11.00", "price_calculation": "$5.56 per 1L", "category": "Liquor"},
{"title": "Nexba Non Alcoholic Spritz Amalfi | 750mL", "price": "$12.00", "price_calculation": "$16.00 per 1L", "category": "Liquor"},
{"title": "Cook & Dine Embossed Glass Tumblers | 4 pack", "price": "$20.00", "price_calculation": "$5.00 per 1ea", "category": "Household"},
{"title": "Scentory Soy Blend Vanilla Bean And Caramel Double Wicked Candle | 1 pack", "price": "$20.00", "price_calculation": "$20.00 per 1ea", "category": "Household"},
{"title": "Scentory Soy Blend Luscious Petals Double Wicked Candle | 1 pack", "price": "$20.00", "price_calculation": "$20.00 per 1ea", "category": "Household"},
{"title": "Omo Sensitive Dilute At Home Laundry Liquid | 665mL", "price": "$20.00", "price_calculation": "$30.08 per 1L", "category": "Household"},
{"title": "Cook & Dine Ribbed Hiball Glasses | 4 pack", "price": "$20.00", "price_calculation": null, "category": "Household"},
{"title": "Outdoor Life Hardbody Bottle 2.5L | 1 each", "price": "$20.00", "price_calculation": null, "category": "Household"},
{"title": "Mortein Naturgard Automatic Refill | 152g", "price": "$20.00", "price_calculation": "$20.00 per 1ea", "category": "Household"},
{"title": "Cook & Dine Cheese Board | 1 each", "price": "$20.00", "price_calculation": "$20.00 per 1ea", "category": "Household"},
{"title": "Cook & Dine Pink Stemless Wine Glasses | 4 pack", "price": "$20.00", "price_calculation": "$5.00 per 1ea", "category": "Household"},
{"title": "Moki Go Type-C To Type-C Syncharge Cable1.2M | 1 each", "price": "$20.00", "price_calculation": "$20.00 per 1ea", "category": "Household"},
{"title": "Clio Fashion Midi Brief Assorted 10/12 | 3 pack", "price": "$20.00", "price_calculation": "$6.67 per 1ea", "category": "Household"},
{"title": "NRG 2M USB A To Lightning - White | 1 each", "price": "$20.00", "price_calculation": "$20.00 per 1ea", "category": "Household"},
{"title": "NRG Lightning To Aux Adapter | 1 each", "price": "$20.00", "price_calculation": "$20.00 per 1ea", "category": "Household"},
{"title": "Sard Ultra Whitening Powder | 2kg", "price": "$20.00", "price_calculation": "$10.00 per 1kg", "category": "Household"},
{"title": "Bonds Mens Low Cut Sock Size 6+ With | 7 pack", "price": null, "price_calculation": null, "category": "Household"},
{"title": "Bonds Kids Low Cut Sock Size 9-12 With | 8 pack", "price": null, "price_calculation": null, "category": "Household"},
{"title": "Bonds Kids Qtr Crew Sock 9-12 With | 8 pack", "price": null, "price_calculation": null, "category": "Household"},
{"title": "Bonds Baby Qtr Crew Sock 0-1 With | 7 pack", "price": null, "price_calculation": null, "category": "Household"},
{"title": "Bonds Mens Qtr Crew Sock Size 6+ With | 7 pack", "price": null, "price_calculation": null, "category": "Household"},
{"title": "Brunnings Glyphosate Concentrate Weed Killer | 1L", "price": "$20.00", "price_calculation": "$20.00 per 1L", "category": "Household"},
{"title": "Energizer USB-C Cable Asst 1.2m | 1 pack", "price": "$21.00", "price_calculation": "$21.00 per 1ea", "category": "Household"},
{"title": "Energizer USB C Cable Braided 1.2M | 1 Pack", "price": "$21.00", "price_calculation": "$21.00 per 1ea", "category": "Household"},
{"title": "Leapfrog Level Up & Learn Controller | 1 each", "price": "$21.00", "price_calculation": "$21.00 per 1ea", "category": "Household"},
{"title": "Smash Blue Stainless Steel Double Wall One Touch | 690mL", "price": "$21.00", "price_calculation": "$30.44 per 1L", "category": "Household"},
{"title": "Armor All Cream Cut & Polish | 250g", "price": "$22.00", "price_calculation": "$22.00 per 1ea", "category": "Household"},
{"title": "Coles Led Strip 5m | 1 pack", "price": "$22.00", "price_calculation": "$22.00 per 1ea", "category": "Household"},
{"title": "Moki Go Lightning - Type C 1.2M | 1 each", "price": "$22.00", "price_calculation": "$22.00 per 1ea", "category": "Household"},
{"title": "Tradie Mens Bamboo Fitted Trunk Size M | 3 pack", "price": "$22.00", "price_calculation": "$7.33 per 1ea", "category": "Household"},
{"title": "Biozet Attack 3D Clean Top & Front Loader Liquid Plus Eliminator | 3L", "price": null, "price_calculation": null, "category": "Household"},
{"title": "Outdoor Life 18 Can Cooler Backpack | 1 each", "price": "$22.40", "price_calculation": null, "category": "Household"},
{"title": "Armor All Carpet And Upholstery Brush | 500g", "price": "$22.50", "price_calculation": "$4.50 per 100g", "category": "Household"},
{"title": "Mortein Powergard Bombs 3x150g | 450g", "price": "$22.50", "price_calculation": "$5.00 per 100g", "category": "Household"},
{"title": "Energizer iPhone Cable Flat Asst 1.2m | 1 pack", "price": "$23.00", "price_calculation": "$23.00 per 1ea", "category": "Household"},
{"title": "Duracell 200 Lumen Head Lamp 3 AAA | 1 each", "price": "$23.00", "price_calculation": "$23.00 per 1ea", "category": "Household"},
{"title": "Outdoor Life Garden Hose 15m | 1 pack", "price": "$23.00", "price_calculation": "$23.00 per 1ea", "category": "Household"},
{"title": "Duracell Recharge Ultra AAA Rechargeable Batteries | 4 pack", "price": "$23.20", "price_calculation": "$5.80 per 1ea", "category": "Household"},
{"title": "Duracell Recharge Ultra Precharged Rechargeable AA Batteries | 4 pack", "price": "$23.20", "price_calculation": "$5.80 per 1ea", "category": "Household"},
{"title": "Nu Finish Liquid Car Polish | 473mL", "price": "$23.50", "price_calculation": "$4.97 per 100mL", "category": "Household"},
{"title": "Ion Laundry Liquid Concentrate | 2L", "price": "$24.00", "price_calculation": "$12.00 per 1L", "category": "Household"},
{"title": "Ion Original Laundry Powder | 2kg", "price": "$24.00", "price_calculation": "$12.00 per 1kg", "category": "Household"},
{"title": "Ion Sensitive Laundry Powder | 2kg", "price": "$24.00", "price_calculation": "$12.00 per 1kg", "category": "Household"},
{"title": "Crest 4 Socket Surge Protected 1.2m Power Board | 1 each", "price": "$25.00", "price_calculation": "$25.00 per 1ea", "category": "Household"},
{"title": "Energizer USB C Cable Black 2M | 1 Pack", "price": "$25.00", "price_calculation": "$25.00 per 1ea", "category": "Household"},
{"title": "Mirabella Genio Candle Wifi BC 5W 470LM  2700K-6500K | 1 pack", "price": "$25.00", "price_calculation": "$25.00 per 1ea", "category": "Household"},
{"title": "Mirabella Genio Fancy Round Wifi 5W Ses 470LM 2700K-6500K | 1 pack", "price": "$25.00", "price_calculation": "$25.00 per 1ea", "category": "Household"},
{"title": "Curtis Stone Square Baking Dish 25cm | 1 each", "price": "$25.00", "price_calculation": "$25.00 per 1ea", "category": "Household"},
{"title": "Curtis Stone Medium Rectangle Baking Dish | 1 each", "price": "$25.00", "price_calculation": "$25.00 per 1ea", "category": "Household"},
{"title": "NRG Wired Earphone With Microphone USB-C | 1 each", "price": "$25.00", "price_calculation": "$25.00 per 1ea", "category": "Household"},
{"title": "Fila Fxt Suspension Trainer | 1 each", "price": "$25.00", "price_calculation": "$25.00 per 1ea", "category": "Household"},
{"title": "Fila Fxt Boxing Glove | 1 each", "price": "$25.00", "price_calculation": "$25.00 per 1ea", "category": "Household"},
{"title": "Glade Aromatherapy Candle Lavender & Sandalwood | 1 each", "price": "$25.00", "price_calculation": "$25.00 per 1ea", "category": "Household"},
{"title": "Glade Aromatherapy Candle Orange & Neroli | 1 each", "price": "$25.00", "price_calculation": "$25.00 per 1ea", "category": "Household"},
{"title": "Armor All Matte Protectant | 500mL", "price": "$25.50", "price_calculation": "$5.10 per 100g", "category": "Household"},
{"title": "Mirabella Genio Gls Wifi Bc 9W 800LUM  2700K-6500K | 1 pack", "price": "$26.00", "price_calculation": "$26.00 per 1ea", "category": "Household"},
{"title": "OMO 3 In 1 Laundry Capsules Sensitive | 28 pack", "price": "$26.00", "price_calculation": "$0.93 per 1ea", "category": "Household"},
{"title": "Fairy 30 Minute Miracle Clean Deep Clean | 31 pack", "price": "$26.00", "price_calculation": "$0.84 per 1ea", "category": "Household"},
{"title": "OMO 3 In 1 Capsules Comfort | 28 pack", "price": "$26.00", "price_calculation": "$0.93 per 1ea", "category": "Household"},
{"title": "Duracell Optimum AA | 12 pack", "price": "$26.00", "price_calculation": "$2.17 per 1ea", "category": "Household"},
{"title": "Duracell Optimum AAA | 12 pack", "price": "$26.00", "price_calculation": "$2.17 per 1ea", "category": "Household"},
{"title": "Duracell 100 Lumen Spotlight Floating 4 AA Batteries | 1 each", "price": "$27.00", "price_calculation": "$27.00 per 1ea", "category": "Household"},
{"title": "Crest Worldwide Travel Adaptor 2 USB | 1 pack", "price": "$27.00", "price_calculation": "$27.00 per 1ea", "category": "Household"},
{"title": "Mortein Peaceful Nights Odourless Mozzie Zapper | 2.57mL", "price": "$28.00", "price_calculation": "$28.00 per 1ea", "category": "Household"},
{"title": "Tefal Easy Clean Frypan 20cm | 1 each", "price": "$28.00", "price_calculation": null, "category": "Household"},
{"title": "Pyrex Cook & Go Glass Container 3.3L | 1 each", "price": "$28.00", "price_calculation": "$28.00 per 1ea", "category": "Household"},
{"title": "Cold Power Triple Capsules Regular | 30 pack", "price": "$28.00", "price_calculation": "$0.93 per 1ea", "category": "Household"},
{"title": "Duracell CEF14 Hi-Speed Rechargeable Battery Charger | 1 pack", "price": "$28.80", "price_calculation": "$28.80 per 1ea", "category": "Household"},
{"title": "Ion Laundry Capsules Sensitive | 36 pack", "price": "$29.00", "price_calculation": "$0.81 per 1ea", "category": "Household"},
{"title": "Ion Laundry Capsules Colour | 36 pack", "price": "$29.00", "price_calculation": "$0.81 per 1ea", "category": "Household"},
{"title": "Ion Laundry Capsules Fragrance | 36 pack", "price": "$29.00", "price_calculation": "$0.81 per 1ea", "category": "Household"},
{"title": "CUB Zip Coverall Bear Pattern And Grey | 2 pack", "price": "$29.00", "price_calculation": "$14.50 per 1ea", "category": "Household"},
{"title": "CUB Zip Coverall Yellow | 2 pack", "price": "$29.00", "price_calculation": "$14.50 per 1ea", "category": "Household"},
{"title": "Crest 1 Way Power Adaptor 3 USB-A 1 USB-C | 1 pack", "price": "$29.00", "price_calculation": "$29.00 per 1ea", "category": "Household"},
{"title": "Duracell In The Bowl | 50 pack", "price": null, "price_calculation": null, "category": "Household"},
{"title": "Urbanworx Himalayan Salt Aroma Diffuser | 1 each", "price": "$49.99", "price_calculation": "$49.99 per 1ea", "category": "Household"},
{"title": "Audeeo Radiant Wired Headphones | 1 each", "price": "$30.00", "price_calculation": "$30.00 per 1ea", "category": "Household"},
{"title": "Optix Titanium Pro Dishwashing Tablets | 45 pack", "price": "$30.00", "price_calculation": "$66.67 per 100ea", "category": "Household"},
{"title": "Crest Power Wall Charger Usbc Pd20W | 1 pack", "price": "$30.00", "price_calculation": "$30.00 per 1ea", "category": "Household"},
{"title": "Curtis Stone Rectangle Baking Dish | 1 each", "price": "$30.00", "price_calculation": "$30.00 per 1ea", "category": "Household"},
{"title": "Asena Rgb Mouse Mat 80x30 | 1 each", "price": "$30.00", "price_calculation": "$30.00 per 1ea", "category": "Household"},
{"title": "Mortein Twin Pack Power Gard Crawling & Flying Insect Surface Spray 2X325g | 2 pack", "price": "$30.00", "price_calculation": "$4.62 per 100g", "category": "Household"},
{"title": "NRG Bluetooth Portable Speaker | 1 each", "price": "$30.00", "price_calculation": "$30.00 per 1ea", "category": "Household"},
{"title": "Fairy 30 Minute Miracle Clean Deep Clean | 45 pack", "price": "$30.00", "price_calculation": "$66.67 per 100ea", "category": "Household"},
{"title": "Smash Blue Stainless Steel Double Wall Chugger 750mL | 1 each", "price": "$31.00", "price_calculation": "$31.00 per 1ea", "category": "Household"},
{"title": "Seiki 500 Watt Space Heater | 1 each", "price": "$31.00", "price_calculation": "$31.00 per 1ea", "category": "Household"},
{"title": "Cold Power Clean & Fresh Laundry Detergent Liquid With Odour Fighter | 3.6L", "price": "$32.00", "price_calculation": "$8.89 per 1L", "category": "Household"},
{"title": "Crest Multipurpose Power Board With 4 Socket & Switch Surge Protected | 1 each", "price": "$33.00", "price_calculation": "$33.00 per 1ea", "category": "Household"},
{"title": "Fairy Dishwashing Tablets All In One Lemon | 64 pack", "price": null, "price_calculation": null, "category": "Household"},
{"title": "Energizer iPhone Cable Steel 1.2M | 1 pack", "price": "$33.50", "price_calculation": "$33.50 per 1ea", "category": "Household"},
{"title": "Energizer iPhone Cable Lifetime Warranty 1.2M White | 1 each", "price": "$33.50", "price_calculation": "$33.50 per 1ea", "category": "Household"},
{"title": "Brita Water Jug Filter Maxtra Limescale Expert | 2 pack", "price": "$35.00", "price_calculation": "$17.50 per 1ea", "category": "Household"},
{"title": "Curtis Stone Jug Saucepan | 1 each", "price": "$35.00", "price_calculation": "$35.00 per 1ea", "category": "Household"},
{"title": "Curtis Stone Chefs Knife | 1 each", "price": "$35.00", "price_calculation": "$35.00 per 1ea", "category": "Household"},
{"title": "Fire Safe Fire Extinguisher (ABE) | 1kg", "price": "$35.00", "price_calculation": "$35.00 per 1ea", "category": "Household"},
{"title": "Moki Go Lightning Syncharge Cable 2M | 2m", "price": "$35.00", "price_calculation": "$17.50 per 1M", "category": "Household"},
{"title": "L'Oreal Infallible 24H Fresh Wear Liquid Foundation Copper | 30mL", "price": "$37.00", "price_calculation": "$12.33 per 10mL", "category": "Health & Beauty"},
{"title": "L'Oreal Infallible 24H Fresh Wear Liquid Foundation Rose Sand | 30mL", "price": "$37.00", "price_calculation": "$12.33 per 10mL", "category": "Health & Beauty"},
{"title": "Sensuous Raging Bull Energy & Libido Caps | 60 pack", "price": "$37.00", "price_calculation": "$0.62 per 1ea", "category": "Health & Beauty"},
{"title": "Naturopathica Horny Goat Weed For Him | 50 pack", "price": "$37.00", "price_calculation": "$0.74 per 1ea", "category": "Health & Beauty"},
{"title": "Gillette Labs Razor Blades Refills | 4 pack", "price": "$38.00", "price_calculation": "$9.50 per 1ea", "category": "Health & Beauty"},
{"title": "Revlon Colorstay Combination/Oily Longwear Makeup  Ivory | 30mL", "price": "$39.00", "price_calculation": "$13.00 per 10mL", "category": "Health & Beauty"},
{"title": "Revlon Colorstay Combination/Oily Longwear Makeup Buff | 30mL", "price": "$39.00", "price_calculation": "$13.00 per 10mL", "category": "Health & Beauty"},
{"title": "Revlon Colorstay Combination/Oily Longwear Makeup Sand Beige | 30mL", "price": "$39.00", "price_calculation": "$13.00 per 10mL", "category": "Health & Beauty"},
{"title": "Revlon Colorstay Combination/Oily Longwear Makeup Nude | 30mL", "price": "$39.00", "price_calculation": "$13.00 per 10mL", "category": "Health & Beauty"},
{"title": "Revlon Colorstay Normal/Dry Longwear Makeup Sand Beige | 30mL", "price": "$39.00", "price_calculation": "$13.00 per 10mL", "category": "Health & Beauty"},
{"title": "Revlon Colorstay Combination/Oily Longwear Makeup Fresh Beige | 30mL", "price": "$39.00", "price_calculation": "$13.00 per 10mL", "category": "Health & Beauty"},
{"title": "Revlon Colorstay Normal/Dry Longwear Makeup Nude | 30mL", "price": "$39.00", "price_calculation": "$13.00 per 10mL", "category": "Health & Beauty"},
{"title": "Revlon Colorstay Normal/Dry Longwear Makeup Medium Beige | 30mL", "price": "$39.00", "price_calculation": "$13.00 per 10mL", "category": "Health & Beauty"},
{"title": "Revlon Colorstay Normal/Dry Longwear Makeup Fresh Beige | 30mL", "price": "$39.00", "price_calculation": "$13.00 per 10mL", "category": "Health & Beauty"},
{"title": "Revlon Colorstay Normal/Dry Longwear Makeup T Beige | 30mL", "price": "$39.00", "price_calculation": "$130.00 per 100mL", "category": "Health & Beauty"},
{"title": "Fisiocrem Solugel | 250g", "price": "$39.50", "price_calculation": "$15.80 per 100g", "category": "Health & Beauty"},
{"title": "Olay Regenerist Miracle Boost Youth Pre-Essence | 40mL", "price": "$40.00", "price_calculation": "$100.00 per 100mL", "category": "Health & Beauty"},
{"title": "L'Oreal Age Perfect Golden Age Rosy Day Cream SPF15 | 50mL", "price": "$40.00", "price_calculation": "$80.00 per 100mL", "category": "Health & Beauty"},
{"title": "Nivea Sun Protect And Moisture SPF50+ | 1L", "price": "$40.00", "price_calculation": "$4.00 per 100mL", "category": "Health & Beauty"},
{"title": "Olay Regenerist Micro-Sculpting Essence Water | 150mL", "price": "$40.00", "price_calculation": "$26.67 per 100mL", "category": "Health & Beauty"},
{"title": "Quick Screen Facial Sunscreen Lotion SPF50+ | 45mL", "price": "$40.00", "price_calculation": "$88.89 per 100mL", "category": "Health & Beauty"},
{"title": "Kynd Double Strength Hyaluronic Acid+ | 30 pack", "price": "$40.00", "price_calculation": "$1.33 per 1ea", "category": "Health & Beauty"},
{"title": "Colgate Pulse Electric Toothbrush Deep Clean | 1 pack", "price": "$40.00", "price_calculation": "$40.00 per 1ea", "category": "Health & Beauty"},
{"title": "Olay Total Effects Moisturiser UV Day Cream Normal | 50g", "price": "$40.00", "price_calculation": "$80.00 per 100g", "category": "Health & Beauty"},
{"title": "Scholl Expert Care Electric Foot File System | 1 pack", "price": "$40.00", "price_calculation": "$40.00 per 1ea", "category": "Health & Beauty"},
{"title": "Blackmores Conceive Well Gold Preconception | 1 pack", "price": "$40.00", "price_calculation": "$40.00 per 1ea", "category": "Health & Beauty"},
{"title": "Olay Total Effects Bb Cream Touch Of Foundation SPF15 | 50g", "price": "$40.00", "price_calculation": "$80.00 per 100g", "category": "Health & Beauty"},
{"title": "Olay Total Effects Cream Gentle | 50g", "price": "$40.00", "price_calculation": "$80.00 per 100g", "category": "Health & Beauty"},
{"title": "Olay Total Effects UV Cream Gentle Day Cream SPF15 | 50g", "price": "$40.00", "price_calculation": "$80.00 per 100g", "category": "Health & Beauty"},
{"title": "Nicorette Quit Smoking QuickMist Nicotine Mouth Spray Freshmint | 1 Pack", "price": "$40.00", "price_calculation": "$40.00 per 1ea", "category": "Health & Beauty"},
{"title": "Nicorette Quit Smoking Regular Strength Cooldrops Nicotine Lozenge Icy Mint | 80 pack", "price": "$42.00", "price_calculation": "$0.53 per 1ea", "category": "Health & Beauty"},
{"title": "Nicorette Quit Smoking Extra Strength Cooldrops Nicotine Lozenge Icy Mint | 80 pack", "price": "$42.00", "price_calculation": "$0.53 per 1ea", "category": "Health & Beauty"},
{"title": "Nicorette Quit Smoking Extra Strength Nicotine Lozenge Fruitdrops | 80 pack", "price": "$42.00", "price_calculation": "$0.53 per 1ea", "category": "Health & Beauty"},
{"title": "Nicorette Quit Smoking Regular Strength Nicotine Lozenge Fruitdrops | 80 pack", "price": "$42.00", "price_calculation": "$0.53 per 1ea", "category": "Health & Beauty"},
{"title": "Tom Organic The Period Cup | 1 each", "price": "$42.00", "price_calculation": "$42.00 per 1ea", "category": "Health & Beauty"},
{"title": "Revlon Age Defying 3X Bare Buff Foundation SPF 20 | 30mL", "price": "$43.00", "price_calculation": "$14.33 per 10mL", "category": "Health & Beauty"},
{"title": "Revlon Age Defying 3X Soft Beige Foundation SPF 20 | 30mL", "price": "$43.00", "price_calculation": "$14.33 per 10mL", "category": "Health & Beauty"},
{"title": "Revlon Age Defying 3X Natural Beige Foundation | 30mL", "price": "$43.00", "price_calculation": "$14.33 per 10mL", "category": "Health & Beauty"},
{"title": "Revlon Age Defying 3X Medium Beige Foundation SPF 20 | 30mL", "price": "$43.00", "price_calculation": "$14.33 per 10mL", "category": "Health & Beauty"},
{"title": "Revlon Age Defying 3x Cool Beige Foundation | 30mL", "price": "$43.00", "price_calculation": "$14.33 per 10mL", "category": "Health & Beauty"},
{"title": "Nicabate Extra Fresh Mint Nicotine Chewing Gum 4mg | 200 pack", "price": "$44.00", "price_calculation": "$0.22 per 1ea", "category": "Health & Beauty"},
{"title": "First Response 14 Day Ovulation Kit | 1 pack", "price": "$44.50", "price_calculation": "$44.50 per 1ea", "category": "Health & Beauty"},
{"title": "Thankyou Hand & Body Wash Refill Botanical Sweet Orange & Almond | 3L", "price": "$44.95", "price_calculation": "$1.50 per 100mL", "category": "Health & Beauty"},
{"title": "Olay Regenerist Cream Revitalising Hyd UV | 50g", "price": "$45.00", "price_calculation": "$90.00 per 100g", "category": "Health & Beauty"},
{"title": "180 Degrees Parmesan Oat Crackers | 135g", "price": "$4.80", "price_calculation": "$3.56 per 100g", "category": "Pantry"},
{"title": "Quest Protein Bar Birthday Cake | 60g", "price": "$4.80", "price_calculation": "$8.00 per 100g", "category": "Pantry"},
{"title": "Coles Easy To Use Sauce Base Recipe | 500mL", "price": "$4.80", "price_calculation": "$0.96 per 100mL", "category": "Pantry"},
{"title": "180 Degrees Grazers Artisan Crackers Cranberry | 120g", "price": "$4.80", "price_calculation": "$4.00 per 100g", "category": "Pantry"},
{"title": "F. Whitlock & Sons Yakitori Marinade | 400mL", "price": "$4.90", "price_calculation": "$1.23 per 100mL", "category": "Pantry"},
{"title": "Valley Produce Co. Vegetable Flatbread Cheese | 130g", "price": "$4.90", "price_calculation": "$3.77 per 100g", "category": "Pantry"},
{"title": "Brunnings Organic Plus & Citrus Food | 2.5kg", "price": "$16.00", "price_calculation": "$6.40 per 1kg", "category": "Household"},
{"title": "Gullon Sugar Free Chocolate Chip Cookies | 125g", "price": "$5.00", "price_calculation": "$4.00 per 100g", "category": "Pantry"},
{"title": "Tradie Lady Diamond Aussie Fit Bikini Size 10/12 | 3 pack", "price": "$16.00", "price_calculation": "$5.33 per 1ea", "category": "Household"},
{"title": "Cornwell's Lancashire Relish | 500mL", "price": "$5.00", "price_calculation": "$1.00 per 100mL", "category": "Pantry"},
{"title": "Tradie Lady Diamond Aussie Fit Bikini Size 14/16 | 3 pack", "price": "$16.00", "price_calculation": "$5.33 per 1ea", "category": "Household"},
{"title": "Coles Urban Coffee Culture Syrup Vanilla | 360mL", "price": "$5.00", "price_calculation": "$1.39 per 100mL", "category": "Pantry"},
{"title": "Tradie Lady Diamond Hi-Cut Size 10/12 | 3 pack", "price": "$16.00", "price_calculation": "$5.33 per 1ea", "category": "Household"},
{"title": "Paul Newman's Own Bolognese Pasta Sauce | 680g", "price": null, "price_calculation": null, "category": "Pantry"},
{"title": "Tradie Lady Diamond Hi-Cut Size 14/16 | 3 pack", "price": "$16.00", "price_calculation": "$5.33 per 1ea", "category": "Household"},
{"title": "Temole Sweet Chilli Broccoli Puffs | 56g", "price": "$5.00", "price_calculation": "$8.93 per 100g", "category": "Pantry"},
{"title": "NRG 1.2M USB C To C - Black | 1 pack", "price": "$16.00", "price_calculation": "$16.00 per 1ea", "category": "Household"},
{"title": "Cadbury Pascall Clinkers | 160g", "price": "$5.00", "price_calculation": "$3.13 per 100g", "category": "Pantry"},
{"title": "Duracell Lithium 2016 Battery | 4 pack", "price": "$16.50", "price_calculation": "$4.13 per 1ea", "category": "Household"},
{"title": "Pana Organic Mylk Chocolate Baking Bar | 80g", "price": "$5.00", "price_calculation": "$6.25 per 100g", "category": "Pantry"},
{"title": "Mirabella Led Gls ES 14W 1400LUM 2700K Warm White | 2 pack", "price": "$16.50", "price_calculation": "$8.25 per 1ea", "category": "Household"},
{"title": "Dollar Sweets Two Tone Pink & White Frosting | 160g", "price": "$5.00", "price_calculation": "$3.13 per 100g", "category": "Pantry"},
{"title": "Mirabella Led Gls ES 14W 1400LUM 4000K Cool White | 2 pack", "price": "$16.50", "price_calculation": "$8.25 per 1ea", "category": "Household"},
{"title": "Red Rock Deli Style Cracker Dijon Mustard Hon | 135g", "price": "$5.00", "price_calculation": "$3.70 per 100g", "category": "Pantry"},
{"title": "Amor All Matte Protectant | 250mL", "price": "$16.50", "price_calculation": "$6.60 per 100mL", "category": "Household"},
{"title": "Whittaker's Block Chocolate Honey Nougat & Almond | 250g", "price": "$5.00", "price_calculation": "$2.00 per 100g", "category": "Pantry"},
{"title": "Duracell Coppertop C4 Batteries | 4 pack", "price": "$16.50", "price_calculation": "$4.13 per 1ea", "category": "Household"},
{"title": "Uncle Tobys Nutritious Snacks Muesli Bars Golden Oats | 185g", "price": null, "price_calculation": null, "category": "Pantry"},
{"title": "Bushman Naturals Insect Repellent | 145mL", "price": "$17.00", "price_calculation": "$11.72 per 100mL", "category": "Household"},
{"title": "Nice & Natural Thickshake Bars Caramel 6 Pack | 120g", "price": null, "price_calculation": null, "category": "Pantry"},
{"title": "Sistema Ultra Container 1.9L | 1 each", "price": "$17.00", "price_calculation": "$17.00 per 1ea", "category": "Household"},
{"title": "Nice & Natural Thickshake Bars Chocolate 6 Pack | 120g", "price": null, "price_calculation": null, "category": "Pantry"},
{"title": "Sistema Hydrate Tritan Flip Top Bottle 1L | 1 each", "price": "$17.00", "price_calculation": "$17.00 per 1ea", "category": "Household"},
{"title": "Nice & Natural Thickshake Bars Strawberry 6 Pack | 120g", "price": null, "price_calculation": null, "category": "Pantry"},
{"title": "Green Nation Fragranced Reed Diffuser | 80mL", "price": "$17.00", "price_calculation": "$2.13 per 10mL", "category": "Household"},
{"title": "Uncle Tobys Roll Ups Watermelon Sour | 94g", "price": null, "price_calculation": null, "category": "Pantry"},
{"title": "Green Nation Fragranced Reed Diffuser Rainforest | 80mL", "price": "$17.00", "price_calculation": "$2.13 per 10mL", "category": "Household"},
{"title": "Queen Natural Choc Flavouring Paste White | 100g", "price": "$5.20", "price_calculation": "$5.20 per 100g", "category": "Pantry"},
{"title": "Cuteitos Rainbowitos | 1 each", "price": null, "price_calculation": null, "category": "Household"},
{"title": "Queen Natural Choc Flavouring Paste | 100g", "price": "$5.20", "price_calculation": "$5.20 per 100g", "category": "Pantry"},
{"title": "Mortein Peaceful Nights Mozzie Zapper Refill | 2.57mL", "price": "$17.50", "price_calculation": "$680.93 per 100mL", "category": "Household"},
{"title": "Queen Natural Dark Choc Flavouring Paste | 100g", "price": "$5.20", "price_calculation": "$5.20 per 100g", "category": "Pantry"},
{"title": "Mortein Peaceful Nights Mosquito & Fly Plug Prime Pack | 25mL", "price": "$17.50", "price_calculation": "$17.50 per 1ea", "category": "Household"},
{"title": "Nature One Dairy A2 Milk Protein Vanilla Custard | 1L", "price": "$5.25", "price_calculation": "$0.53 per 100mL", "category": "Pantry"},
{"title": "Mortein Peaceful nights Mosquito & Fly Plug Refill Pack | 45mL", "price": "$17.50", "price_calculation": "$17.50 per 1ea", "category": "Household"},
{"title": "Heinz Tortellini Three Cheese Pasta Meal Creamy Pumpkin & Garlic | 350g", "price": "$5.30", "price_calculation": "$1.51 per 100g", "category": "Pantry"},
{"title": "Mortein Power Gard Crawling Insect Surface Spray | 350g", "price": "$17.50", "price_calculation": "$5.00 per 100g", "category": "Household"},
{"title": "Heinz Tortellini Three Cheese Pasta Meal Creamy Mushroom & Bacon | 350g", "price": "$5.30", "price_calculation": "$1.51 per 100g", "category": "Pantry"},
{"title": "Yates Zero Weedkiller | 750mL", "price": "$17.50", "price_calculation": "$23.33 per 1L", "category": "Household"},
{"title": "Musselman's Blueberry Pie Filling | 595g", "price": "$5.50", "price_calculation": "$0.92 per 100g", "category": "Pantry"},
{"title": "Goodbasics Sneaker Care Kit | 1 pack", "price": "$17.50", "price_calculation": "$17.50 per 1ea", "category": "Household"},
{"title": "OB Finest Natural Sour Dough Crispbread | 110g", "price": "$5.50", "price_calculation": "$5.00 per 100g", "category": "Pantry"},
{"title": "Mortein Easy Reach | 350g", "price": "$17.50", "price_calculation": "$5.00 per 100g", "category": "Household"},
{"title": "Queen Victoria Vanilla Chai Tea Bags | 100 pack", "price": "$5.50", "price_calculation": "$0.06 per 1ea", "category": "Pantry"},
{"title": "Mortein Naturegard Easy Reach Crawling Insect Killer | 320g", "price": "$17.50", "price_calculation": "$5.47 per 100g", "category": "Household"},
{"title": "Coles Asia Panko Crumbs | 600g", "price": null, "price_calculation": null, "category": "Pantry"},
{"title": "Maseur Men's Heel and Arch Support | 1 pair", "price": "$17.95", "price_calculation": "$17.95 per 1ea", "category": "Household"},
{"title": "OB Finest Sour Dough Crispbread Wholemeal | 110g", "price": "$5.50", "price_calculation": "$5.00 per 100g", "category": "Pantry"},
{"title": "Maseur Footcare Work Insoles | 1 pack", "price": "$17.95", "price_calculation": "$17.95 per 1ea", "category": "Household"},
{"title": "OB Finest Sour Dough Crispbread Ancient Grains | 110g", "price": "$5.50", "price_calculation": "$5.00 per 100g", "category": "Pantry"},
{"title": "Armor All Protect Gloss Wipes | 30 pack", "price": "$18.00", "price_calculation": "$0.60 per 1ea", "category": "Household"},
{"title": "Mayver's Fibre Plus Peanut Butter | 375g", "price": "$5.50", "price_calculation": "$1.47 per 100g", "category": "Pantry"},
{"title": "Armor All Glass Wipes | 30 pack", "price": "$18.00", "price_calculation": "$0.60 per 1ea", "category": "Household"},
{"title": "Praise Goodness Whole Egg Chilli Mayo | 250mL", "price": "$5.50", "price_calculation": "$2.20 per 100mL", "category": "Pantry"},
{"title": "Airwick Le Prime Cherry Blossom Refill Triple | 3 pack", "price": "$18.00", "price_calculation": "$31.58 per 100mL", "category": "Household"},
{"title": "Sunbeam Australian Nuts Almond Meal | 110g", "price": "$5.50", "price_calculation": "$50.00 per 1kg", "category": "Pantry"},
{"title": "Cook & Dine Aluminium Frypan 24cm | 1 each", "price": "$18.00", "price_calculation": "$18.00 per 1ea", "category": "Household"},
{"title": "Coles Natures Kitchen Chicken Style Meat free Slices | 100g", "price": "$5.50", "price_calculation": "$5.50 per 100g", "category": "Pantry"},
{"title": "Vtech Drive And Discover Baby Keys | 1 each", "price": "$18.00", "price_calculation": "$18.00 per 1ea", "category": "Household"},
{"title": "Coles Natures Kitchen Chicken Style Meat free Mince | 100g", "price": "$5.50", "price_calculation": "$5.50 per 100g", "category": "Pantry"},
{"title": "NRG 2M USB-C To C - Black | 1 pack", "price": "$18.00", "price_calculation": "$18.00 per 1ea", "category": "Household"},
{"title": "De Zhujang 52 Spicy Hot Pot Base | 220g", "price": null, "price_calculation": null, "category": "Pantry"},
{"title": "NRG 2M USB-C To C - Black Braided | 1 each", "price": "$18.00", "price_calculation": "$18.00 per 1ea", "category": "Household"},
{"title": "Artisan Crackers With Sea Salt Mini | 110g", "price": "$5.50", "price_calculation": "$5.00 per 100g", "category": "Pantry"},
{"title": "Disney Princess Doll Assortment | 1 each", "price": null, "price_calculation": null, "category": "Household"},
{"title": "Sunrice Mexican Style Rice Pouch | 450g", "price": "$5.50", "price_calculation": "$1.22 per 100g", "category": "Pantry"},
{"title": "Dettol Multipurpose Wipes Apple | 220 pack", "price": "$18.00", "price_calculation": "$0.08 per 1ea", "category": "Household"},
{"title": "Always Fresh Organic Whole Cucumbers | 680g", "price": "$5.60", "price_calculation": "$8.24 per 1kg", "category": "Pantry"},
{"title": "Vtech Drive And Discover Baby Keys | 1 each", "price": "$19.00", "price_calculation": "$19.00 per 1ea", "category": "Household"},
{"title": "Goodness Bowl Premium Muesli Apple Crumble 650g | 1 each", "price": "$5.60", "price_calculation": "$0.86 per 100g", "category": "Pantry"},
{"title": "Command Mixed Wall Hooks Value Pack White | 8 pack", "price": "$19.00", "price_calculation": "$2.38 per 1ea", "category": "Household"},
{"title": "Wallaby Bites Gluten Free Dark Chocolate Orange Almond & Coconut Yoghurt | 150g", "price": "$5.70", "price_calculation": "$3.80 per 100g", "category": "Pantry"},
{"title": "Outdoor Life 9 Can Zipperless Cooler | 1 each", "price": "$19.20", "price_calculation": null, "category": "Household"},
{"title": "Easiyo Strawberry Yoghurt | 230g", "price": "$5.70", "price_calculation": "$2.48 per 100g", "category": "Pantry"},
{"title": "Pyrex Cook & Go Glass Container 1.7L | 1 each", "price": "$19.50", "price_calculation": "$19.50 per 1ea", "category": "Household"},
{"title": "Sweet William Dairy Free Choc Baking Buttons | 300g", "price": "$5.70", "price_calculation": "$1.90 per 100g", "category": "Pantry"},
{"title": "Armor All Extreme Tyre And Shine | 350g", "price": "$19.50", "price_calculation": "$5.57 per 100g", "category": "Household"},
{"title": "Celestial Seasonings Tea Bags Herb Sleepytime | 20 pack", "price": null, "price_calculation": null, "category": "Pantry"},
{"title": "Urbanworx Hair Dryer & Straightener Travel Set | 1 each", "price": "$29.99", "price_calculation": "$29.99 per 1ea", "category": "Household"},
{"title": "Nice & Natural Thins Double Chocolate | 6 pack", "price": "$5.75", "price_calculation": "$0.96 per 1ea", "category": "Pantry"},
{"title": "Sard Wonder Stain Remover | 1.8kg", "price": "$20.00", "price_calculation": "$11.11 per 1kg", "category": "Household"},
{"title": "Golf Manual Umbrella Black/white | 1 each", "price": null, "price_calculation": null, "category": "Household"},
{"title": "Golf Manual Umbrella Blue/ White | 1 each", "price": null, "price_calculation": null, "category": "Household"},
{"title": "Mortein Power Gard Automatic Insect Control Refill | 154g", "price": "$20.00", "price_calculation": "$12.99 per 100g", "category": "Household"},
{"title": "Roundup Natural Weedkiller | 1L", "price": "$20.00", "price_calculation": "$20.00 per 1L", "category": "Household"},
{"title": "Dare Iced Coffee Espresso Flavoured Milk | 500mL", "price": "$2.90", "price_calculation": "$5.80 per 1L", "category": "Dairy, Eggs & Fridge"},
{"title": "L'Oreal True Match Liquid Foundation Rose Beige | 30mL", "price": "$34.00", "price_calculation": "$11.33 per 10mL", "category": "Health & Beauty"},
{"title": "A2 No Fat Milk | 1L", "price": "$3.80", "price_calculation": "$3.80 per 1L", "category": "Dairy, Eggs & Fridge"},
{"title": "L'Oreal True Match Liquid Foundation Rose Vanilla | 30mL", "price": "$34.00", "price_calculation": "$11.33 per 10mL", "category": "Health & Beauty"},
{"title": "Activia Low Fat Vanilla Yoghurt 4x125g | 500g", "price": "$5.75", "price_calculation": "$1.15 per 100g", "category": "Dairy, Eggs & Fridge"},
{"title": "L'Oreal True Match Liquid Foundation Golden Cappucc | 30mL", "price": "$34.00", "price_calculation": "$11.33 per 10mL", "category": "Health & Beauty"},
{"title": "Great Ocean Road Full Cream Milk | 3L", "price": "$6.30", "price_calculation": "$2.10 per 1L", "category": "Dairy, Eggs & Fridge"},
{"title": "L'Oreal True Match Liquid Foundation Linen | 30mL", "price": "$34.00", "price_calculation": "$11.33 per 10mL", "category": "Health & Beauty"},
{"title": "Flora ProActiv Margarine Spread Buttery | 500g", "price": "$10.00", "price_calculation": "$2.00 per 100g", "category": "Dairy, Eggs & Fridge"},
{"title": "L'Oreal True Match Liquid Foundation Ivory Rose | 30mL", "price": "$34.00", "price_calculation": "$11.33 per 10mL", "category": "Health & Beauty"},
{"title": "Coles Unsweetened Almond Milk | 1L", "price": "$2.00", "price_calculation": "$2.00 per 1L", "category": "Dairy, Eggs & Fridge"},
{"title": "L'Oreal True Match Liquid Foundation Sand | 30mL", "price": "$34.00", "price_calculation": "$11.33 per 10mL", "category": "Health & Beauty"},
{"title": "Tamar Valley Kids Natural Greek Tropical Yoghurt Pouch | 110g", "price": "$2.40", "price_calculation": "$2.18 per 100g", "category": "Dairy, Eggs & Fridge"},
{"title": "L'Oreal True Match Liquid Foundation Ivory | 30mL", "price": "$34.00", "price_calculation": "$11.33 per 10mL", "category": "Health & Beauty"},
{"title": "Sanitarium So Good Long Life Original Almond Milk | 1L", "price": "$2.90", "price_calculation": "$2.90 per 1L", "category": "Dairy, Eggs & Fridge"},
{"title": "Herron Nicaway Mini Lozenges 4mg | 162 pack", "price": "$34.00", "price_calculation": "$0.21 per 1ea", "category": "Health & Beauty"},
{"title": "Coles Pro-B  Milk Drink Fermented | 305mL", "price": "$3.35", "price_calculation": "$10.98 per 1L", "category": "Dairy, Eggs & Fridge"},
{"title": "L'Oreal True Match Liquid Foundation Porcelain | 30mL", "price": "$34.00", "price_calculation": "$11.33 per 10mL", "category": "Health & Beauty"},
{"title": "Yumi's Gluten Free Classic Sweet Potato & Roasted Cashews Dip | 200g", "price": "$3.50", "price_calculation": "$1.75 per 100g", "category": "Dairy, Eggs & Fridge"},
{"title": "L'Oreal True Match Liquid Foundation True Beige | 30mL", "price": "$34.00", "price_calculation": "$11.33 per 10mL", "category": "Health & Beauty"},
{"title": "Mainland Organic Salted Butter | 250g", "price": "$4.50", "price_calculation": "$1.80 per 100g", "category": "Dairy, Eggs & Fridge"},
{"title": "L'Oreal True Match Liquid Foundation Nut Brown | 30mL", "price": "$34.00", "price_calculation": "$11.33 per 10mL", "category": "Health & Beauty"},
{"title": "Sunny Queen Free Range X-large Eggs 30 Pack | 1.75kg", "price": "$17.50", "price_calculation": "$1.00 per 100g", "category": "Dairy, Eggs & Fridge"},
{"title": "L'Oreal True Match Liquid Foundation Truffle | 30mL", "price": "$34.00", "price_calculation": "$11.33 per 10mL", "category": "Health & Beauty"},
{"title": "Tamar Valley Kids Greek Pouch Yoghurt | 110g", "price": "$2.40", "price_calculation": "$2.18 per 100g", "category": "Dairy, Eggs & Fridge"},
{"title": "Life Space Probiotics + Micro Flora | 40 pack", "price": "$34.00", "price_calculation": "$0.85 per 1ea", "category": "Health & Beauty"},
{"title": "Liddells Lactose Free 99% Low Fat Milk | 1L", "price": "$3.00", "price_calculation": "$3.00 per 1L", "category": "Dairy, Eggs & Fridge"},
{"title": "L'Oreal Paris Prime Lab 24H Matte Setter | 35mL", "price": "$34.00", "price_calculation": "$9.71 per 10mL", "category": "Health & Beauty"},
{"title": "The Complete Dairy High Protein Full Cream Milk | 1L", "price": "$3.50", "price_calculation": "$3.50 per 1L", "category": "Dairy, Eggs & Fridge"},
{"title": "L'Oreal Paris Prime Lab 24H Pore Minimiser | 35mL", "price": "$34.00", "price_calculation": null, "category": "Health & Beauty"},
{"title": "Rokeby Farms Probiotic Filmjolk Blueberry Yoghurt | 750g", "price": "$5.00", "price_calculation": "$0.67 per 100g", "category": "Dairy, Eggs & Fridge"},
{"title": "Venus Venus Smooth Sensitive Razor Blades | 8 pack", "price": "$34.00", "price_calculation": "$4.25 per 1ea", "category": "Health & Beauty"},
{"title": "Devondale Regular Butter | 500g", "price": "$6.00", "price_calculation": "$1.20 per 100g", "category": "Dairy, Eggs & Fridge"},
{"title": "L'Oreal True Match Liquid Foundation N4 Beige | 30mL", "price": "$34.00", "price_calculation": "$11.33 per 10mL", "category": "Health & Beauty"},
{"title": "Primo Dairy Short Cut Rindless Bacon | 750g", "price": "$11.00", "price_calculation": "$14.67 per 1kg", "category": "Dairy, Eggs & Fridge"},
{"title": "L'Oreal True Match Liquid Foundation W3 Golden Beige | 30mL", "price": "$34.00", "price_calculation": "$11.33 per 10mL", "category": "Health & Beauty"},
{"title": "Coles Squeezie Blueberry Yoghurt Pouch | 70g", "price": "$0.75", "price_calculation": "$1.07 per 100g", "category": "Dairy, Eggs & Fridge"},
{"title": "Henry Blooms Brain Mushroom & Ginko 6000 | 600g", "price": "$34.40", "price_calculation": "$5.73 per 100g", "category": "Health & Beauty"},
{"title": "Devondale Skim Long Life Milk | 1L", "price": "$2.20", "price_calculation": "$2.20 per 1L", "category": "Dairy, Eggs & Fridge"},
{"title": "Olay Regenerist Cleansing Device Megasonic | 1 pack", "price": "$35.00", "price_calculation": "$35.00 per 1ea", "category": "Health & Beauty"},
{"title": "Nestle Chocolate Mousse 2 pack | 124g", "price": "$2.40", "price_calculation": "$1.94 per 100g", "category": "Dairy, Eggs & Fridge"},
{"title": "Revlon Colorstay Pressed Powder Medium | 8.4g", "price": "$35.00", "price_calculation": "$41.67 per 10g", "category": "Health & Beauty"},
{"title": "Coles Dairy Avocado Dip | 200g", "price": "$2.50", "price_calculation": "$1.25 per 100g", "category": "Dairy, Eggs & Fridge"},
{"title": "Colgate Optic White Pro Series Teeth Whitening Treatment Pen With 3% Hydrogen Peroxide | 2.5mL", "price": "$35.00", "price_calculation": "$35.00 per 1ea", "category": "Health & Beauty"},
{"title": "Hunt & Brew Creamy Milk | 1L", "price": "$3.15", "price_calculation": "$3.15 per 1L", "category": "Dairy, Eggs & Fridge"},
{"title": "Sukin Purely Ageless Pro Intensive Rejuvenating Serum Dropper | 25mL", "price": "$35.00", "price_calculation": "$140.00 per 100mL", "category": "Health & Beauty"},
{"title": "Rokeby Farms Smoothie Dutch Chocolate | 425mL", "price": "$4.50", "price_calculation": "$10.59 per 1L", "category": "Dairy, Eggs & Fridge"},
{"title": "Sukin Purely Ageless Pro Intensive Firming Eye Cream | 15mL", "price": "$35.00", "price_calculation": "$23.33 per 10mL", "category": "Health & Beauty"},
{"title": "Coles Organic Free Range Eggs 12 Pack | 600g", "price": "$10.00", "price_calculation": "$1.67 per 100g", "category": "Dairy, Eggs & Fridge"},
{"title": "Sukin Purely Ageless Pro Intensive Revitalising Overnight Mask | 50mL", "price": "$35.00", "price_calculation": "$70.00 per 100mL", "category": "Health & Beauty"},
{"title": "Coles Organic Unsweetened Oat Milk | 1L", "price": "$2.25", "price_calculation": "$2.25 per 1L", "category": "Dairy, Eggs & Fridge"},
{"title": "Sukin Purely Ageless Pro Intensive Firming Day Cream | 50mL", "price": "$35.00", "price_calculation": "$70.00 per 100mL", "category": "Health & Beauty"},
{"title": "Coles Honey Sliced Ham Sow Stall Free | 100g", "price": "$2.30", "price_calculation": "$23.00 per 1kg", "category": "Dairy, Eggs & Fridge"},
{"title": "Essano Vitamin E Ultra Defence Facial Oil | 20mL", "price": "$35.00", "price_calculation": "$175.00 per 100mL", "category": "Health & Beauty"},
{"title": "Gippsland Dairy Blueberry Twist Yoghurt | 160g", "price": "$2.40", "price_calculation": "$1.50 per 100g", "category": "Dairy, Eggs & Fridge"},
{"title": "Essano Retinol Night Renewal Facial Oil | 20mL", "price": "$35.00", "price_calculation": "$175.00 per 100mL", "category": "Health & Beauty"},
{"title": "Chobani Blueberry Yoghurt Pouch | 140g", "price": "$2.50", "price_calculation": "$1.79 per 100g", "category": "Dairy, Eggs & Fridge"},
{"title": "Swisse Kids Gummies Immune | 120 pack", "price": "$35.00", "price_calculation": "$29.17 per 100ea", "category": "Health & Beauty"},
{"title": "Thomson's Deli Cocktail Franks | 500g", "price": "$2.50", "price_calculation": "$5.00 per 1kg", "category": "Dairy, Eggs & Fridge"},
{"title": "Garnier Hyaluronic Aloe Hydrating Serum | 30mL", "price": "$35.00", "price_calculation": "$116.67 per 100mL", "category": "Health & Beauty"},
{"title": "Vitasoy Regular Soy Milk | 1L", "price": "$2.85", "price_calculation": "$2.85 per 1L", "category": "Dairy, Eggs & Fridge"},
{"title": "Garnier Pure Active Charcoal Serum | 30mL", "price": "$35.00", "price_calculation": "$116.67 per 100mL", "category": "Health & Beauty"},
{"title": "YoPro Yoghurt Pouch Strawberry | 150g", "price": "$3.00", "price_calculation": "$2.00 per 100g", "category": "Dairy, Eggs & Fridge"},
{"title": "Neat Feet Natural Pain Relief Foot Cream | 50g", "price": "$35.00", "price_calculation": "$70.00 per 100g", "category": "Health & Beauty"},
{"title": "Oak Chocolate Flavoured Milk | 750mL", "price": "$3.50", "price_calculation": "$4.67 per 1L", "category": "Dairy, Eggs & Fridge"},
{"title": "Nature's Way Beauty Collagen Mature Skin Verisol Collagen + Vitamin A | 60 pack", "price": "$36.00", "price_calculation": "$0.60 per 1ea", "category": "Health & Beauty"},
{"title": "Yumi's Gluten Free Spicy Capsicum With Cashews Dip | 200g", "price": "$3.50", "price_calculation": "$1.75 per 100g", "category": "Dairy, Eggs & Fridge"},
{"title": "Gillette Proglide Power Red Blades | 4 pack", "price": "$36.00", "price_calculation": "$9.00 per 1ea", "category": "Health & Beauty"},
{"title": "Dari's Chicken And Corn Soup | 550g", "price": "$5.50", "price_calculation": "$1.00 per 100g", "category": "Dairy, Eggs & Fridge"},
{"title": "Neutrogena Rapid Wrinkle Repair Retinol Pro+ Serum | 30mL", "price": "$36.00", "price_calculation": "$120.00 per 100mL", "category": "Health & Beauty"},
{"title": "Flora ProActiv Margarine Spread Light | 500g", "price": "$10.00", "price_calculation": "$2.00 per 100g", "category": "Dairy, Eggs & Fridge"},
{"title": "Swisse Ultivite Men's High Potency Multivitamin | 40 pack", "price": "$36.50", "price_calculation": "$0.91 per 1ea", "category": "Health & Beauty"},
{"title": "Chobani Greek Yogurt Mango | 160g", "price": "$2.00", "price_calculation": "$1.25 per 100g", "category": "Dairy, Eggs & Fridge"},
{"title": "Revlon Photoready Powder Light Medium | 7.1g", "price": "$37.00", "price_calculation": "$52.11 per 10g", "category": "Health & Beauty"},
{"title": "Chobani Greek Yogurt Limited Edition | 160g", "price": "$2.00", "price_calculation": "$1.25 per 100g", "category": "Dairy, Eggs & Fridge"},
{"title": "L'Oreal Infallible 24Hr Fresh Wear #130 True Beige Foundation | 30mL", "price": "$37.00", "price_calculation": "$12.33 per 10mL", "category": "Health & Beauty"},
{"title": "Coles Nature's Kitchen Firm Tofu | 450g", "price": "$3.00", "price_calculation": "$0.67 per 100g", "category": "Dairy, Eggs & Fridge"},
{"title": "L'Oreal Infallible 24Hr Fresh Wear #140 Golden Beige Foundation | 30mL", "price": "$37.00", "price_calculation": "$12.33 per 10mL", "category": "Health & Beauty"},
{"title": "Activia Low Fat Mango Yoghurt 4x125g | 500g", "price": "$5.75", "price_calculation": "$1.15 per 100g", "category": "Dairy, Eggs & Fridge"},
{"title": "L'Oreal Infallible 24Hr Fresh Wear #120 Vanilla Foundation | 30mL", "price": "$37.00", "price_calculation": "$12.33 per 10mL", "category": "Health & Beauty"},
{"title": "Chobani Greek Yogurt Natural Whole Milk | 907g", "price": "$6.30", "price_calculation": "$0.69 per 100g", "category": "Dairy, Eggs & Fridge"},
{"title": "L'Oreal Infallible 24Hr Fresh Wear #220 Sand Foundation | 30mL", "price": "$37.00", "price_calculation": "$12.33 per 10mL", "category": "Health & Beauty"},
{"title": "Big M Original Chocolate Flavoured Milk | 600mL", "price": "$2.90", "price_calculation": "$4.83 per 1L", "category": "Dairy, Eggs & Fridge"},
{"title": "L'Oreal Paris Infallible 24H Fresh Wear Foundation Rose Beige | 30mL", "price": "$37.00", "price_calculation": "$12.33 per 10mL", "category": "Health & Beauty"},
{"title": "Danone Yopro Mango Yoghurt | 160g", "price": "$3.00", "price_calculation": "$1.88 per 100g", "category": "Dairy, Eggs & Fridge"},
{"title": "L'Oreal Infallible 24H Fresh Wear Liquid Foundation Ivory | 30mL", "price": "$37.00", "price_calculation": "$12.33 per 10mL", "category": "Health & Beauty"},
{"title": "Yumi's Kalamata Olive Classic Dips | 200g", "price": "$3.50", "price_calculation": "$1.75 per 100g", "category": "Dairy, Eggs & Fridge"},
{"title": "L'Oreal Infallible 24H Fresh Wear Liquid Foundaiton Golden Amber | 30mL", "price": "$37.00", "price_calculation": "$12.33 per 10mL", "category": "Health & Beauty"},
{"title": "Oak Lactose Free Chocolate Milk | 600mL", "price": "$3.80", "price_calculation": "$6.33 per 1L", "category": "Dairy, Eggs & Fridge"},
{"title": "Rokeby Farms Chocolate Honeycomb Protein Smoothie | 425mL", "price": "$4.50", "price_calculation": "$10.59 per 1L", "category": "Dairy, Eggs & Fridge"},
{"title": "Dare Mocha Flavoured Milk | 750mL", "price": "$4.80", "price_calculation": "$6.40 per 1L", "category": "Dairy, Eggs & Fridge"},
{"title": "Kleenex Aloe Vera & Vitamin E 3 Ply Large & Thick Facial Tissues | 70 pack", "price": "$2.60", "price_calculation": "$3.71 per 100ea", "category": "Household"},
{"title": "Coles Non Stick Baking Paper | 15 metre", "price": "$3.60", "price_calculation": "$0.24 per 1M", "category": "Household"},
{"title": "Coles Ultra Multi-Purpose Domestic Cleaning Wipes | 10 pack", "price": "$1.00", "price_calculation": "$0.10 per 1ea", "category": "Household"},
{"title": "Morning Fresh Limited Edition Summer Berries Dishwashing Liquid | 400mL", "price": "$2.75", "price_calculation": "$0.69 per 100mL", "category": "Household"},
{"title": "Glad To Be Green Compostable Kitchen Liners Small | 20 pack", "price": "$4.40", "price_calculation": "$0.22 per 1ea", "category": "Household"},
{"title": "Coles Bags Freezer Medium | 80 pack", "price": "$0.80", "price_calculation": "$1.00 per 100ea", "category": "Household"},
{"title": "Coles Kitchen Tidy Lemon  Large | 25 pack", "price": "$2.50", "price_calculation": "$0.10 per 1ea", "category": "Household"},
{"title": "Morning Fresh Original Dishwashing Liquid | 900mL", "price": "$9.50", "price_calculation": "$1.06 per 100mL", "category": "Household"},
{"title": "Sorbent 2 Ply Thick & Large White Facial Tissues | 95 pack", "price": "$2.20", "price_calculation": "$2.32 per 100ea", "category": "Household"},
{"title": "Handee Ultra White Paper Towels | 3 pack", "price": "$5.00", "price_calculation": "$2.78 per 100ea", "category": "Household"},
{"title": "Viva Paper Towels | 3 pack", "price": "$5.50", "price_calculation": "$3.06 per 100ea", "category": "Household"},
{"title": "Quilton King Size Gold 4 Ply Toilet Tissue | 20 pack", "price": "$15.00", "price_calculation": "$0.63 per 100ea", "category": "Household"},
{"title": "Coles Resealable Sandwich Bags | 50 pack", "price": "$2.20", "price_calculation": "$4.40 per 100ea", "category": "Household"},
{"title": "Coles Kitchen Tidy Bag Small | 40 pack", "price": "$2.50", "price_calculation": "$0.06 per 1ea", "category": "Household"},
{"title": "Coles So Soft & Strong Facial Tissue Eucalyptus | 95 pack", "price": "$2.00", "price_calculation": "$2.11 per 100ea", "category": "Household"},
{"title": "Sorbent Hypo Allergenic Flushable Wipes Toilet Tissue | 40 pack", "price": "$3.80", "price_calculation": "$0.10 per 1ea", "category": "Household"},
{"title": "Glad To Be Green Compostable Kitchen Liners Mini | 25 pack", "price": "$4.40", "price_calculation": "$0.18 per 1ea", "category": "Household"},
{"title": "Dynamo Profession Oxi Plus Laundry Liquid | 1.8L", "price": "$12.50", "price_calculation": "$6.94 per 1L", "category": "Household"},
{"title": "Kleenex Everyday 2 Ply Kids Facial Tissues | 200 pack", "price": "$3.00", "price_calculation": "$1.50 per 100ea", "category": "Household"},
{"title": "Sorbent Facial Tissues Thick N Large Hypo Allergenic | 95 pack", "price": "$2.20", "price_calculation": "$2.32 per 100ea", "category": "Household"},
{"title": "Coles Large Resealable Storage Bags | 20 pack", "price": "$2.50", "price_calculation": "$0.13 per 1ea", "category": "Household"},
{"title": "Coles Aluminium Foil Wrap 10m X 30cm | 10 metre", "price": "$1.90", "price_calculation": "$0.19 per 1M", "category": "Household"},
{"title": "Coles Laundry Liquid Lemon Fresh | 2L", "price": "$2.00", "price_calculation": "$1.00 per 1L", "category": "Household"},
{"title": "Coles Small Resealable Storage Bags | 50 pack", "price": "$1.60", "price_calculation": "$3.20 per 100ea", "category": "Household"},
{"title": "Coles Medium Resealable Storage Bags | 30 pack", "price": "$2.80", "price_calculation": "$0.09 per 1ea", "category": "Household"},
{"title": "Fluffy Concentrate Liquid Fabric Softener Conditioner Fragrance Temptations Spice Allure | 1L", "price": "$4.50", "price_calculation": "$4.50 per 1L", "category": "Household"},
{"title": "Sorbent 4 Ply Pocket Pack White Facial Tissues | 6 pack", "price": "$2.20", "price_calculation": "$3.67 per 100ea", "category": "Household"},
{"title": "Sorbent Hypo Allergenic White Facial Tissues | 200 pack", "price": "$2.70", "price_calculation": "$1.35 per 100ea", "category": "Household"},
{"title": "Coles Lemon Bleach | 2L", "price": "$2.00", "price_calculation": "$1.00 per 1L", "category": "Household"},
{"title": "Sorbent Clean & Fresh Silky White Flushable Wipes Soft Pack | 40 pack", "price": "$3.80", "price_calculation": "$0.10 per 1ea", "category": "Household"},
{"title": "Finish Lemon Dishwasher Cleaner | 250mL", "price": "$5.25", "price_calculation": "$2.10 per 100mL", "category": "Household"},
{"title": "Coles Cleaning Wipes | 120 pack", "price": "$3.50", "price_calculation": "$2.92 per 100ea", "category": "Household"},
{"title": "Coles Ultra Multipurpose Wipes Lychee Bloom | 100 pack", "price": "$4.00", "price_calculation": "$4.00 per 100ea", "category": "Household"},
{"title": "Viva Select-A-Size Paper Towels | 3 pack", "price": "$5.50", "price_calculation": "$2.04 per 100ea", "category": "Household"},
{"title": "Chenming Premium A4 Copy Paper | 1 each", "price": "$6.50", "price_calculation": null, "category": "Household"},
{"title": "MasterChef Non-stick Roaster with Rack | 1 each", "price": "$100.00", "price_calculation": "$100.00 per 1ea", "category": "Household"},
{"title": "Coles Bags Freezer Large | 40 pack", "price": "$0.80", "price_calculation": "$0.02 per 1ea", "category": "Household"},
{"title": "Coles Kitchen Tidy Bag Large | 25 pack", "price": "$2.50", "price_calculation": "$0.10 per 1ea", "category": "Household"},
{"title": "Coles Easy Tie Top Garbage Bags | 20 pack", "price": "$3.00", "price_calculation": "$0.15 per 1ea", "category": "Household"},
{"title": "Coles Kitchen Tidy Bag Medium | 30 pack", "price": "$2.50", "price_calculation": "$0.08 per 1ea", "category": "Household"},
{"title": "Coles Ultra Advanced Dishwasher Tablets | 40 pack", "price": "$8.00", "price_calculation": "$0.20 per 1ea", "category": "Household"},
{"title": "Kleenex Comfort Care 3ply Toilet Paper | 18 pack", "price": "$10.50", "price_calculation": "$0.32 per 100ea", "category": "Household"},
{"title": "Dynamo Profession 7 In 1 Laundry Liquid | 1.8L", "price": "$12.50", "price_calculation": "$6.94 per 1L", "category": "Household"},
{"title": "Kleenex Everday Silk Touch Facial Tissues | 250 pack", "price": "$4.00", "price_calculation": "$1.60 per 100ea", "category": "Household"},
{"title": "Coles So Soft & Strong 3 Ply Toilet Tissue | 8 pack", "price": "$4.60", "price_calculation": "$0.30 per 1ea", "category": "Household"},
{"title": "Fluffy Concentrate Liquid Fabric Softener Conditioner Divine Blends Warm Vanilla & Creamy Coconut | 900mL", "price": "$4.50", "price_calculation": "$5.00 per 1L", "category": "Household"},
{"title": "Our Pure Planet Lightening 1M Cable | 1 each", "price": "$14.70", "price_calculation": "$14.70 per 1ea", "category": "Household"},
{"title": "Decor Insulated Double Wall Stainless Steel Tumbler 450mL | 1 each", "price": "$14.70", "price_calculation": "$14.70 per 1ea", "category": "Household"},
{"title": "3 Tier Slim Storage Cart | 1 each", "price": "$19.99", "price_calculation": "$19.99 per 1ea", "category": "Household"},
{"title": "Coles 3 in 1 Indoor Outdoor & Garden Surface Spray | 2L", "price": "$15.00", "price_calculation": "$0.75 per 100mL", "category": "Household"},
{"title": "Organic Choice Coconut & Lime Candle | 1 each", "price": "$15.00", "price_calculation": "$15.00 per 1ea", "category": "Household"},
{"title": "Quilton 3 Ply White Toilet Paper | 20 pack", "price": "$11.00", "price_calculation": "$0.31 per 100ea", "category": "Household"},
{"title": "Aerogard Odourless Insect Repellent Spray | 250mL", "price": "$15.00", "price_calculation": "$6.00 per 100mL", "category": "Household"},
{"title": "Finish Ultimate Pro Dishwashing Tablets Lemon | 46 pack", "price": "$27.00", "price_calculation": "$0.59 per 1ea", "category": "Household"},
{"title": "Glade Sense & Spray Automatic Air Freshener Sheer Vanilla Embrace | 1 each", "price": "$15.00", "price_calculation": "$15.00 per 1ea", "category": "Household"},
{"title": "Finish Regular Rinse Aid For Drier & Shinier Dishes | 250mL", "price": "$4.00", "price_calculation": "$1.60 per 100mL", "category": "Household"},
{"title": "Mix Opaque Tights 70 Denier Black Tall/X-Tall | 3 pack", "price": "$15.00", "price_calculation": "$5.00 per 1ea", "category": "Household"},
{"title": "Surf Tropical Laundry Capsules | 50 pack", "price": "$16.50", "price_calculation": "$0.33 per 1ea", "category": "Household"},
{"title": "Aerogard Fabric Insect Repellent Odourless | 150g", "price": "$15.00", "price_calculation": "$10.00 per 100g", "category": "Household"},
{"title": "Radiant Mixed Colours Laundry Liquid Washing Detergent | 2L", "price": "$10.00", "price_calculation": "$5.00 per 1L", "category": "Household"},
{"title": "Grillman BBQ Digital Flip Tip Thermometer | 1 each", "price": "$15.00", "price_calculation": "$15.00 per 1ea", "category": "Household"},
{"title": "Dettol Healthy Clean Antibacterial & Disinfectant Kitchen Surface Spray | 500mL", "price": "$4.00", "price_calculation": "$0.80 per 100mL", "category": "Household"},
{"title": "Sharpie Colour Burst | 24 pack", "price": "$15.00", "price_calculation": "$0.63 per 1ea", "category": "Household"},
{"title": "Dettol Healthy Clean Antibacterial Bathroom Cleaner Trigger Spray | 500mL", "price": "$4.00", "price_calculation": "$0.80 per 100mL", "category": "Household"},
{"title": "Bonds Womens Sport Tech No Show 8+ | 2 pack", "price": "$15.00", "price_calculation": null, "category": "Household"},
{"title": "Dettol Multi Purpose Cleaner Crisp Apple Burst | 750mL", "price": "$7.00", "price_calculation": "$0.93 per 100mL", "category": "Household"},
{"title": "Curtis Stone Heavy Duty Tongs | 1 each", "price": "$15.00", "price_calculation": "$15.00 per 1ea", "category": "Household"},
{"title": "Easy Off Drain Cleaner Turbo Gel | 1L", "price": "$14.00", "price_calculation": "$1.40 per 100mL", "category": "Household"},
{"title": "Aerogard Naturals Repellent Spray | 175g", "price": "$15.00", "price_calculation": "$8.57 per 100mL", "category": "Household"},
{"title": "Morning Fresh Strawberry And Guava Dishwashing Liquid | 400mL", "price": "$2.75", "price_calculation": "$0.69 per 100mL", "category": "Household"},
{"title": "Master Lock Diamond Padlock Long Shackle 40mm | 1 each", "price": "$15.00", "price_calculation": "$15.00 per 1ea", "category": "Household"},
{"title": "Air Wick Essential Oil Sea Mist & Blue Minerals Plug-In Starter Kit | 19mL", "price": "$9.80", "price_calculation": "$5.16 per 10mL", "category": "Household"},
{"title": "Clio Bamboo Eco Midi Black/Nude 8/10 & 10/12 | 2 pack", "price": "$15.00", "price_calculation": null, "category": "Household"},
{"title": "Coles Facial Tissues White | 224 pack", "price": "$1.70", "price_calculation": "$0.76 per 100ea", "category": "Household"},
{"title": "Ajax Anti-Bacterial Vanilla Berries | 220 pack", "price": null, "price_calculation": null, "category": "Household"},
{"title": "Pine O Cleen Disinfectant Wipes Lemon | 110 pack", "price": "$12.00", "price_calculation": "$10.91 per 100ea", "category": "Household"},
{"title": "Moki Go Wall Charger 1x2.4Amp (2.4Amp Total) | 1 each", "price": "$15.00", "price_calculation": "$15.00 per 1ea", "category": "Household"},
{"title": "Handee Ultra White Paper Towels | 2 pack", "price": "$3.85", "price_calculation": "$3.21 per 100ea", "category": "Household"},
{"title": "Moki Go Car Charger 1x2.4Amp (2.4Amp Total) | 1 each", "price": "$15.00", "price_calculation": "$15.00 per 1ea", "category": "Household"},
{"title": "Coles 2 Ply Paper Towels | 2 pack", "price": "$1.90", "price_calculation": "$1.19 per 100ea", "category": "Household"},
{"title": "MasterChef Apron | 1 each", "price": "$15.00", "price_calculation": "$15.00 per 1ea", "category": "Household"},
{"title": "Sorbent Toilet Tissue Silky White | 32 pack", "price": "$10.00", "price_calculation": "$0.31 per 1ea", "category": "Household"},
{"title": "NRG USB-C To Aux Adapter | 1 each", "price": "$15.00", "price_calculation": "$15.00 per 1ea", "category": "Household"},
{"title": "Kleenex Everyday 2 Ply Facial Tissues | 200 pack", "price": "$3.00", "price_calculation": "$1.50 per 100ea", "category": "Household"},
{"title": "Fila Fxt Fit Ball 65cm | 1 each", "price": "$15.00", "price_calculation": "$15.00 per 1ea", "category": "Household"},
{"title": "Coles Ultra Paper Towel 3 Ply | 3 pack", "price": "$3.20", "price_calculation": "$1.78 per 100ea", "category": "Household"},
{"title": "Fila Fxt Pilates Ring | 1 each", "price": "$15.00", "price_calculation": "$15.00 per 1ea", "category": "Household"},
{"title": "Coles White Serviettes | 100 Pack", "price": "$0.95", "price_calculation": "$0.95 per 100ea", "category": "Household"},
{"title": "Fila Fxt Therapy Roller | 1 each", "price": "$15.00", "price_calculation": "$15.00 per 1ea", "category": "Household"},
{"title": "Kleenex Complete Clean Toilet Paper | 32 pack", "price": "$18.00", "price_calculation": "$0.31 per 100ea", "category": "Household"},
{"title": "Player Golf Ball | 12 pack", "price": "$15.00", "price_calculation": "$1.25 per 1ea", "category": "Household"},
{"title": "Kleenex Aloe Vera & Vitamin E 3 Ply Facial Tissues | 95 pack", "price": "$2.60", "price_calculation": "$0.03 per 1ea", "category": "Household"},
{"title": "Botanica By Air Wick Vanilla & Himalayan Magnolia Automatic Spray Refill | 224mL", "price": "$15.00", "price_calculation": "$0.67 per 10mL", "category": "Household"},
{"title": "Morning Fresh Lemon Dishwashing Liquid | 900mL", "price": "$9.50", "price_calculation": "$1.06 per 100mL", "category": "Household"},
{"title": "Botanica Air Wick Jasmine & Sri Lankan Cinnamon Leaf Automatic Spray Refill | 224mL", "price": "$15.00", "price_calculation": "$0.67 per 10mL", "category": "Household"},
{"title": "Coles Kitchen Tidy Lavender Large | 25 pack", "price": "$2.50", "price_calculation": "$0.10 per 1ea", "category": "Household"},
{"title": "Botanica By Air Wick Caribbean Vetiver & Sandalwood Automatic Spray Refill | 224mL", "price": "$15.00", "price_calculation": "$0.67 per 10mL", "category": "Household"},
{"title": "Handee Ultra White Double Length Paper Towels | 2 pack", "price": "$5.00", "price_calculation": "$2.08 per 100ea", "category": "Household"},
{"title": "Botanica By Air Wick Moroccan Mint & Pink Grapefruit Automatic Spray Refill | 224mL", "price": "$15.00", "price_calculation": "$0.67 per 10mL", "category": "Household"},
{"title": "Quilton Classic White Facial Tissues | 110 pack", "price": "$2.50", "price_calculation": "$2.27 per 100ea", "category": "Household"},
{"title": "Miirabella Ed GLS BC 11W 1000LUM 2700K Warm White A60 | 2 pack", "price": null, "price_calculation": null, "category": "Household"},
{"title": "Kleenex Aloe Vera & Vitamin E 3 Ply Facial Tissues | 140 pack", "price": "$4.50", "price_calculation": "$3.21 per 100ea", "category": "Household"},
{"title": "Miirabella Led GLS BC 11W 1000LUM 4000K Cool White Brand A60 | 2 pack", "price": null, "price_calculation": null, "category": "Household"},
{"title": "MasterChef Kitchen Utensils | 2 pack", "price": "$20.00", "price_calculation": "$10.00 per 1ea", "category": "Household"},
{"title": "Selleys Storm | 75g", "price": "$15.30", "price_calculation": "$204.03 per 1kg", "category": "Household"},
{"title": "MasterChef 26cm Non-stick Frypan | 1 each", "price": "$70.00", "price_calculation": "$70.00 per 1ea", "category": "Household"},
{"title": "Armor All Chamois | 1 each", "price": "$15.50", "price_calculation": "$15.50 per 1ea", "category": "Household"},
{"title": "Morning Fresh Raspberry & Crisp Apple Dishwashing Liquid | 900mL", "price": "$9.50", "price_calculation": "$1.06 per 100mL", "category": "Household"},
{"title": "Duracell Lithium 3V CR123 Battery | 1 pack", "price": "$15.75", "price_calculation": "$15.75 per 1ea", "category": "Household"},
{"title": "MasterChef 20cm Non-stick Frypan | 1 each", "price": "$50.00", "price_calculation": "$50.00 per 1ea", "category": "Household"},
{"title": "Thankyou Universal Cleaner Fragrance Free Refill | 1L", "price": "$15.95", "price_calculation": "$1.60 per 100mL", "category": "Household"},
{"title": "Quilton 3 Ply Floral Print Soft Double Length Toilet Paper | 9 pack", "price": "$13.50", "price_calculation": "$0.42 per 100ea", "category": "Household"},
{"title": "Lego City | 1 each", "price": "$16.00", "price_calculation": null, "category": "Household"},
{"title": "Fight MND 2023 Beanie | 1 each", "price": "$25.00", "price_calculation": "$25.00 per 1ea", "category": "Household"},
{"title": "Organic Choice Reed Diffuser West Indian Lime & Coconut | 50mL", "price": "$16.00", "price_calculation": "$3.20 per 10mL", "category": "Household"},
{"title": "Earth Choice Dishwashing Liquid | 1L", "price": "$2.35", "price_calculation": "$0.24 per 100mL", "category": "Household"},
{"title": "Cook & Dine Red Wine Glasses | 4 pack", "price": "$16.00", "price_calculation": "$4.00 per 1ea", "category": "Household"},
{"title": "Coles Kitchen Tidy Lavender Medium | 30 pack", "price": "$2.50", "price_calculation": "$0.08 per 1ea", "category": "Household"},
{"title": "Cook & Dine Stemless Wine Glasses | 4 pack", "price": "$16.00", "price_calculation": null, "category": "Household"},
{"title": "Handee Ultra White Paper Towels | 4 pack", "price": "$6.00", "price_calculation": "$2.50 per 100ea", "category": "Household"},
{"title": "Sistema Hydrate Tritan Adventum Bottle | 900mL", "price": "$16.00", "price_calculation": "$1.78 per 100mL", "category": "Household"},
{"title": "Quilton 4 Ply White Gold Toilet Paper | 6 pack", "price": "$5.80", "price_calculation": "$0.69 per 100ea", "category": "Household"},
{"title": "Mirabella 120 Solar Led Fairy Lights | 1 each", "price": "$16.00", "price_calculation": "$16.00 per 1ea", "category": "Household"},
{"title": "Coles Compost Tidy Bag Small | 25 pack", "price": "$3.30", "price_calculation": "$0.13 per 1ea", "category": "Household"},
{"title": "Mirabella 10 Solar Led Mini Festoon Lights | 1 pack", "price": "$16.00", "price_calculation": "$16.00 per 1ea", "category": "Household"},
{"title": "Coles Extra Tough Garbage Bags | 20 pack", "price": "$3.80", "price_calculation": "$0.19 per 1ea", "category": "Household"},
{"title": "Brunnings Organic All Purpose Plant Food | 2.5kg", "price": "$16.00", "price_calculation": "$6.40 per 1kg", "category": "Household"},
{"title": "Viva Double Length Paper Towels | 3 pack", "price": "$9.00", "price_calculation": "$2.50 per 100ea", "category": "Household"},
{"title": "Cook & Dine Textured Hiball Glasses | 4 pack", "price": "$16.00", "price_calculation": "$4.00 per 1ea", "category": "Household"},
{"title": "Coles So Soft & Strong 3 Ply Toilet Tissue Double Length | 4 pack", "price": "$4.60", "price_calculation": "$0.32 per 100ea", "category": "Household"},
{"title": "Smash Blue Stainless Steel Mini Pots | 3 pack", "price": "$16.00", "price_calculation": "$5.33 per 1ea", "category": "Household"},
{"title": "Coles Kitchen Tidy Bag Lavender Small | 40 pack", "price": "$2.50", "price_calculation": "$0.06 per 1ea", "category": "Household"},
{"title": "CUB Zip Coverall Yellow | 2 pack", "price": "$16.00", "price_calculation": "$8.00 per 1ea", "category": "Household"},
{"title": "Coles Ultra Antibacterial Multipurpose Wipes Lemon | 100 pack", "price": "$4.00", "price_calculation": "$4.00 per 100ea", "category": "Household"},
{"title": "Cook & Dine Ribbed Low Ball Glasses | 4 pack", "price": "$16.00", "price_calculation": null, "category": "Household"},
{"title": "Coles So Soft 2 Ply Toilet Tissue | 18 pack", "price": "$9.00", "price_calculation": "$0.19 per 100ea", "category": "Household"},
{"title": "Brunnings Green Up Lawn Food | 2.5kg", "price": "$16.00", "price_calculation": "$6.40 per 1kg", "category": "Household"},
{"title": "MasterChef 18cm Saucepan with Glass Lid 2L | 1 each", "price": "$60.00", "price_calculation": "$60.00 per 1ea", "category": "Household"},
{"title": "Sorbent Hypo Allergenic Toilet Tissue | 12 pack", "price": "$8.50", "price_calculation": "$0.39 per 100ea", "category": "Household"},
{"title": "Coles Kitchen Tidy Lemon Medium | 30 pack", "price": "$2.50", "price_calculation": "$0.08 per 1ea", "category": "Household"},
{"title": "Coles So Soft & Strong Facial Tissues Aloe Vera | 95 pack", "price": "$2.00", "price_calculation": "$2.11 per 100ea", "category": "Household"},
{"title": "Coles Ultra Double Length Paper Towel | 3 pack", "price": "$5.50", "price_calculation": "$1.53 per 100ea", "category": "Household"},
{"title": "Quilton 3 Ply Unscented White Toilet Paper | 12 pack", "price": "$8.50", "price_calculation": "$0.39 per 100ea", "category": "Household"},
{"title": "Scrub Daddy Grey | 1 each", "price": "$5.00", "price_calculation": "$5.00 per 1ea", "category": "Household"},
{"title": "Sorbent Facial Tissues Everyday | 150 pack", "price": "$1.90", "price_calculation": "$1.27 per 100ea", "category": "Household"},
{"title": "White King Lemon Power Toilet Cleaner Gel | 700mL", "price": "$5.65", "price_calculation": "$0.81 per 100mL", "category": "Household"},
{"title": "Quilton 3 Ply Double Length White Toilet Paper | 4 pack", "price": "$6.00", "price_calculation": "$0.42 per 100ea", "category": "Household"},
{"title": "Bic Mega Lighter | 1 each", "price": "$5.95", "price_calculation": "$5.95 per 1ea", "category": "Household"},
{"title": "MasterChef 24cm Casserole Pan with Glass Lid 4.2L | 1 each", "price": "$80.00", "price_calculation": "$80.00 per 1ea", "category": "Household"},
{"title": "Coles Advance Aa Battery | 10 pack", "price": "$6.75", "price_calculation": "$0.68 per 1ea", "category": "Household"},
{"title": "Coles Dishwashing Liquid Lemon | 1L", "price": "$1.50", "price_calculation": "$0.15 per 100mL", "category": "Household"},
{"title": "Sard Laundry Sanitiser | 1.5L", "price": "$7.00", "price_calculation": "$4.67 per 1L", "category": "Household"},
{"title": "Morning Fresh Lime Dishwashing Liquid | 900mL", "price": "$9.50", "price_calculation": "$1.06 per 100mL", "category": "Household"},
{"title": "FAB Gold Absolute Laundry Liquid | 1.8L", "price": "$8.00", "price_calculation": "$4.44 per 1L", "category": "Household"},
{"title": "Coles Facial Tissues White | 90 pack", "price": "$1.15", "price_calculation": "$1.28 per 100ea", "category": "Household"},
{"title": "Finish Regular Rinse Aid for Dishwashers | 500mL", "price": "$11.50", "price_calculation": "$2.30 per 100mL", "category": "Household"},
{"title": "Fluffy Concentrate Liquid Fabric Softener Conditioner Fragrance Temptations Spice Allure | 2L", "price": "$15.00", "price_calculation": "$7.50 per 1L", "category": "Household"},
{"title": "Kleenex Allergy Comfort 3 Ply Facial Tissues | 85 pack", "price": "$2.60", "price_calculation": "$3.06 per 100ea", "category": "Household"},
{"title": "Coles Air Freshener Mango Crush | 237g", "price": "$2.80", "price_calculation": "$1.18 per 100g", "category": "Household"},
{"title": "Hercules Twinzip Sandwich Bags Large 22cm x 22cm | 25 pack", "price": "$2.85", "price_calculation": "$0.11 per 1ea", "category": "Household"},
{"title": "Coles Sunny Days Fabric Conditioner | 2L", "price": "$3.25", "price_calculation": "$1.63 per 1L", "category": "Household"},
{"title": "White King All Purpose Regular Bleach | 2.5L", "price": "$3.80", "price_calculation": "$1.52 per 1L", "category": "Household"},
{"title": "Coles Eucalyptus Wool Wash | 2L", "price": "$4.00", "price_calculation": "$2.00 per 1L", "category": "Household"},
{"title": "Fluffy Concentrate Liquid Fabric Softener Conditioner Fragrance Temptations Aqua Desire | 1L", "price": "$4.50", "price_calculation": "$4.50 per 1L", "category": "Household"},
{"title": "No Vac Garden Breeze Carpet Sanitiser & Deodoriser | 290g", "price": "$6.00", "price_calculation": "$2.07 per 100g", "category": "Household"},
{"title": "Glad Large Wavetop Kitchen Tidy Bags | 72 pack", "price": "$7.50", "price_calculation": "$10.42 per 100ea", "category": "Household"},
{"title": "Cold Power Clean & Fresh Advanced Laundry Liquid | 1.8L", "price": "$21.00", "price_calculation": "$11.67 per 1L", "category": "Household"},
{"title": "OMO Triple Laundry Capsule Ultimate | 28 pack", "price": "$29.00", "price_calculation": "$1.04 per 1ea", "category": "Household"},
{"title": "Coles Anti-Bacterial Wipes for Normal Skin | 15 pack", "price": "$1.40", "price_calculation": "$0.09 per 1ea", "category": "Household"},
{"title": "Kleenex Anti-Bacterial To-Go Wipes | 15 pack", "price": "$2.50", "price_calculation": "$0.17 per 1ea", "category": "Household"},
{"title": "Ajax Spray N Wipe Lavender & Citrus Multi Purpose Cleaner Trigger Pack | 500mL", "price": "$3.50", "price_calculation": "$0.70 per 100mL", "category": "Household"},
{"title": "Coles Easy Close Storage Bags | 25 pack", "price": "$3.80", "price_calculation": "$0.15 per 1ea", "category": "Household"},
{"title": "White King Lemon Bathroom Power Gel Cleaner | 750mL", "price": "$3.90", "price_calculation": "$0.52 per 100mL", "category": "Household"},
{"title": "Dishmatic Pro G Flow Control Handle | 1 pack", "price": "$4.25", "price_calculation": "$4.25 per 1ea", "category": "Household"},
{"title": "Coles Aluminium Foil Wrap 30cm | 20 metre", "price": "$4.30", "price_calculation": "$0.22 per 1M", "category": "Household"},
{"title": "Cold Power Advanced Clean Laundry Powder | 2kg", "price": "$21.00", "price_calculation": "$10.50 per 1kg", "category": "Household"},
{"title": "Coles Timber Spoons | 20 pack", "price": "$2.50", "price_calculation": "$0.13 per 1ea", "category": "Household"},
{"title": "Coles Kitchen Tidy Drawstring Small | 25 pack", "price": "$2.50", "price_calculation": "$0.10 per 1ea", "category": "Household"},
{"title": "Coles Anti Bacterial Biodegradable Hand And Body Wipes | 30 pack", "price": "$2.60", "price_calculation": "$0.09 per 1ea", "category": "Household"},
{"title": "Coles Paper Dinner Plates | 50 pack", "price": "$3.15", "price_calculation": "$6.30 per 100ea", "category": "Household"},
{"title": "Coles Cotton Fresh Fabric Conditioner | 2L", "price": "$3.25", "price_calculation": "$1.63 per 1L", "category": "Household"},
{"title": "Earth Choice Green Tea & Lime Dishwashing Liquid Concentrate | 500mL", "price": "$3.25", "price_calculation": "$0.65 per 100mL", "category": "Household"},
{"title": "Stay Fresh Anti Bacterial Thick Sponge | 3 pack", "price": "$3.80", "price_calculation": "$1.27 per 1ea", "category": "Household"},
{"title": "Coles Ultra Wet Floor Wipes Tub | 24 pack", "price": "$6.00", "price_calculation": "$0.25 per 1ea", "category": "Household"},
{"title": "Coles Multi Purpose Disposable Gloves | 50 pack", "price": "$6.00", "price_calculation": "$0.12 per 1ea", "category": "Household"},
{"title": "Sard Super Power Spray | 420mL", "price": "$8.00", "price_calculation": "$19.05 per 1L", "category": "Household"},
{"title": "Biozet Attack Powder Plus Eliminator | 2kg", "price": "$26.00", "price_calculation": "$13.00 per 1kg", "category": "Household"},
{"title": "Omo Laundry Liquid Odour Eliminator | 2L", "price": "$29.00", "price_calculation": "$14.50 per 1L", "category": "Household"},
{"title": "Jex Steel Wool Scourer Soap Pad | 5 pack", "price": "$2.00", "price_calculation": "$0.40 per 1ea", "category": "Household"},
{"title": "Coles Air Freshener Cherry Blossom | 150g", "price": "$2.70", "price_calculation": "$1.80 per 100g", "category": "Household"},
{"title": "Quilton 3 Ply Tissues Cooling Vitamin E | 95 pack", "price": "$2.80", "price_calculation": "$2.95 per 100ea", "category": "Household"},
{"title": "Multix Aluminium Foil Wrap 10m x 30cm | 10m", "price": "$3.00", "price_calculation": "$0.30 per 1M", "category": "Household"},
{"title": "Ajax Spray N Wipe Glass Cleaner | 500mL", "price": "$3.50", "price_calculation": "$0.70 per 100mL", "category": "Household"},
{"title": "Bref Deluxe Active Gel Lovely Jasmine | 600mL", "price": "$3.50", "price_calculation": "$0.58 per 100mL", "category": "Household"},
{"title": "Chux Superwipes Regular Cleaning Cloths 60cm X 30cm | 10 pack", "price": "$4.00", "price_calculation": "$0.40 per 1ea", "category": "Household"},
{"title": "King Island Dairy Endeavour Blue | approx 100g", "price": "$6.80", "price_calculation": "$68.00 per 1kg", "category": "Deli"},
{"title": "Coles Finest Australian Organic Double Cream Brie | approx 150g", "price": "$10.50", "price_calculation": "$70.00 per 1kg", "category": "Deli"},
{"title": "King Island Diary Triple Cream Cheese | approx200g", "price": "$15.20", "price_calculation": "$76.00 per 1kg", "category": "Deli"},
{"title": "King Island Dairy Black Label Blue Triple Cream | approx 100g", "price": "$8.00", "price_calculation": "$80.00 per 1kg", "category": "Deli"},
{"title": "Don Mild Salami & Cheese Stix | 40g", "price": "$3.00", "price_calculation": "$75.00 per 1kg", "category": "Deli"},
{"title": "Coles Finest Deli Express Australian Pitted Kalamata With Fennel & Orange | 120g", "price": "$4.00", "price_calculation": "$33.33 per 1kg", "category": "Deli"},
{"title": "Coles Deli Small Greek Salad | 1 each", "price": "$5.00", "price_calculation": "$5.00 per 1ea", "category": "Deli"},
{"title": "Coles Finest Traditional Lavosh With Sea Salt | 100g", "price": "$5.00", "price_calculation": "$5.00 per 100g", "category": "Deli"},
{"title": "Hans Striker Mild Salami Sticks | 105g", "price": "$5.10", "price_calculation": "$48.57 per 1kg", "category": "Deli"},
{"title": "Provedore Capocollo Italian Style | 80g", "price": "$6.50", "price_calculation": "$81.25 per 1kg", "category": "Deli"},
{"title": "OB Finest Specialty Crackers Date & Almond Gluten Free | 130g", "price": "$6.50", "price_calculation": "$5.00 per 100g", "category": "Deli"},
{"title": "Udder Delights Adelaide Hills Camembert Cheese | 200g", "price": "$9.90", "price_calculation": "$49.50 per 1kg", "category": "Deli"},
{"title": "Giorgio's Artisan Cheese Fior Di Latte | approx 100g", "price": "$2.95", "price_calculation": "$29.50 per 1kg", "category": "Deli"},
{"title": "Coles Finest Irish Cheddar | approx 100g", "price": "$4.00", "price_calculation": "$40.00 per 1kg", "category": "Deli"},
{"title": "Auricchio Grana Padano Basile Imports | approx250g", "price": "$13.25", "price_calculation": "$53.00 per 1kg", "category": "Deli"},
{"title": "Coles Deli Delre Goat Milk Caprakaas | approx 180g", "price": "$10.26", "price_calculation": "$57.00 per 1kg", "category": "Deli"},
{"title": "Coles Finest Australian Organic Washed Rind | approx 500g ", "price": "$39.00", "price_calculation": "$78.00 per 1kg", "category": "Deli"},
{"title": "Coles Deli Snack Classic Coleslaw Salad Tub | 1 each", "price": "$2.00", "price_calculation": "$2.00 per 1ea", "category": "Deli"},
{"title": "Coles Deli RSPCA Approved Chicken Garlic Kyiv | 1 each", "price": "$2.50", "price_calculation": "$2.50 per 1ea", "category": "Deli"},
{"title": "Coles Finest Fig & Walnut Pepperberry Paste | 100g", "price": "$3.15", "price_calculation": "$3.15 per 100g", "category": "Deli"},
{"title": "Coles Deli Temptation Pork Pie Small | 1 each", "price": "$3.45", "price_calculation": "$2.16 per 100g", "category": "Deli"},
{"title": "Coles Deli Salads Tub Small Classic Potato | 1 each", "price": "$4.00", "price_calculation": "$4.00 per 1ea", "category": "Deli"},
{"title": "Barossa Fine Foods Duck Terrine | 110g", "price": "$5.00", "price_calculation": "$4.55 per 100g", "category": "Deli"},
{"title": "Coles Chicken & Mayo Herb Mix | 220g", "price": "$5.50", "price_calculation": "$25.00 per 1kg", "category": "Deli"},
{"title": "Don Popcorn Bacon | 140g", "price": "$6.00", "price_calculation": "$42.86 per 1kg", "category": "Deli"},
{"title": "Coles Deli Salads Tub Large Classic Coleslaw | 1 each", "price": "$6.00", "price_calculation": "$6.00 per 1ea", "category": "Deli"},
{"title": "OB Finest 3 Seed Pepita Crisps | 110g", "price": "$6.50", "price_calculation": "$5.91 per 100g", "category": "Deli"},
{"title": "Coles Deli Jumbo Greek Salad Tub | 1 each", "price": "$11.00", "price_calculation": "$11.00 per 1ea", "category": "Deli"},
{"title": "Coles Salami Platter | 200g", "price": "$16.00", "price_calculation": "$80.00 per 1kg", "category": "Deli"},
{"title": "Casalingo Truffle Salami | approx 100g", "price": "$3.70", "price_calculation": "$37.00 per 1kg", "category": "Deli"},
{"title": "Coles Finest Dutch 12 Month Aged Gouda | approx 100g", "price": "$5.30", "price_calculation": "$53.00 per 1kg", "category": "Deli"},
{"title": "Coles Deli Thawed Prawn Skewers Chili & Lime | 1 each", "price": "$1.25", "price_calculation": "$1.25 per 1ea", "category": "Deli"},
{"title": "180 Degrees Walnut Oat Crackers | 150g", "price": "$4.80", "price_calculation": "$3.20 per 100g", "category": "Deli"},
{"title": "180 Degrees Hazelnut Oat Crackers | 150g", "price": "$4.80", "price_calculation": "$3.20 per 100g", "category": "Deli"},
{"title": "180 Degrees Maple Cranberry Apricot Oat Crackers | 135g", "price": "$4.80", "price_calculation": "$3.56 per 100g", "category": "Deli"},
{"title": "180 Degrees Cheese Bites | 150g", "price": "$4.80", "price_calculation": "$3.20 per 100g", "category": "Deli"},
{"title": "Coles Finest Traditional Lavosh With Lemon Myrtle And Cracked Pepper | 100g", "price": "$5.00", "price_calculation": "$5.00 per 100g", "category": "Deli"},
{"title": "Coles Deli Salads Tub Medium Classic Potato | 1 each", "price": "$5.00", "price_calculation": "$5.00 per 1ea", "category": "Deli"},
{"title": "Mcclure's Garlic & Dill Whole | 500g", "price": "$6.00", "price_calculation": "$12.00 per 1kg", "category": "Deli"},
{"title": "Coles Deli Thawed Prawn Skewers Sweet Chilli | 5 pack", "price": "$6.25", "price_calculation": "$1.25 per 1ea", "category": "Deli"},
{"title": "Maggie Beer Plum And Shiraz Paste | 100g", "price": "$6.30", "price_calculation": "$6.30 per 100g", "category": "Deli"},
{"title": "OB Finest Fig & Pecan Crackers | 150g", "price": "$6.50", "price_calculation": "$4.33 per 100g", "category": "Deli"},
{"title": "Ricci's Bikkies Pita Crisp Olive Oil & Sea Salt | 120g", "price": "$6.90", "price_calculation": "$5.75 per 100g", "category": "Deli"},
{"title": "Julianne's Kitchen Quince Paste | 100g", "price": "$7.00", "price_calculation": "$7.00 per 100g", "category": "Deli"},
{"title": "Maggie Beer Duck & Orange Pate | 120g", "price": "$7.30", "price_calculation": "$6.08 per 100g", "category": "Deli"},
{"title": "Twinings Pure Green Tea Bags 10 pack | 15g", "price": "$1.50", "price_calculation": "$0.15 per 1ea", "category": "Drinks"},
{"title": "La Ice Soft Drink Cola | 2L", "price": "$1.60", "price_calculation": "$0.80 per 1L", "category": "Drinks"},
{"title": "Coles Deli Medium Classic Coleslaw Salad Tub | 1 each", "price": "$5.00", "price_calculation": "$5.00 per 1ea", "category": "Deli"},
{"title": "West Country Farmhouse Cheddar | approx100g", "price": "$5.00", "price_calculation": "$50.00 per 1kg", "category": "Deli"},
{"title": "Oral B Cross Action Electric Brush Replacement Head | 3 pack", "price": "$28.40", "price_calculation": "$5.68 per 1ea", "category": "Health & Beauty"},
{"title": "Fiji Water Natural Artesian | 1L", "price": "$2.80", "price_calculation": "$2.80 per 1L", "category": "Drinks"},
{"title": "Coles Australian Made Double Smoked Leg Ham | 150g", "price": "$5.70", "price_calculation": "$38.00 per 1kg", "category": "Deli"},
{"title": "Coles Finest Spanish 12 Month Aged Manchego | approx 200g", "price": "$12.00", "price_calculation": "$60.00 per 1kg", "category": "Deli"},
{"title": "Sukin Brightening Illuminating Moisturiser Pump | 60mL", "price": "$28.50", "price_calculation": "$47.50 per 100mL", "category": "Health & Beauty"},
{"title": "Lipton Ice Tea Drink Passionfruit | 1.5L", "price": "$2.90", "price_calculation": "$1.93 per 1L", "category": "Drinks"},
{"title": "Primo The Charcuterie Collection Salami Classic Hot | 80g", "price": "$6.00", "price_calculation": "$75.00 per 1kg", "category": "Deli"},
{"title": "Coles Finest Spanish Aged Truffle Cheese | approx 150g", "price": "$11.70", "price_calculation": "$78.01 per 1kg", "category": "Deli"},
{"title": "U By Kotex Ultra Thin Regular Pads With Wings | 112 pack", "price": null, "price_calculation": null, "category": "Health & Beauty"},
{"title": "Vitasoy Unsweetened Long Life Rice Milk | 1L", "price": "$3.30", "price_calculation": "$3.30 per 1L", "category": "Drinks"},
{"title": "Primo Australian Made Middle Bacon | 200g", "price": "$7.00", "price_calculation": "$35.00 per 1kg", "category": "Deli"},
{"title": "Provedore Chorizo Crumb | 100g", "price": "$4.00", "price_calculation": "$40.00 per 1kg", "category": "Deli"},
{"title": "Cancer Council SPF 50+ Work Pump Sunscreen | 500mL", "price": "$29.00", "price_calculation": "$5.80 per 100mL", "category": "Health & Beauty"},
{"title": "Tetley Tea Bags 100 pack | 180g", "price": "$3.80", "price_calculation": "$0.04 per 1ea", "category": "Drinks"},
{"title": "OB Finest Parmesan Crisps With Black Sesame | 85g", "price": "$9.40", "price_calculation": "$11.06 per 100g", "category": "Deli"},
{"title": "Coles Deli RSPCA Approved Premium Chicken Breast Kyiv | 1 each", "price": "$4.50", "price_calculation": "$4.50 per 1ea", "category": "Deli"},
{"title": "Benefiber Powder | 500g", "price": "$29.00", "price_calculation": "$5.80 per 100g", "category": "Health & Beauty"},
{"title": "Original Juice Co Fruit & Veg Goodness Green | 1L", "price": "$4.50", "price_calculation": "$4.50 per 1L", "category": "Drinks"},
{"title": "Hedys Quiche Roast Pumpkin & Fetta | 1.1kg", "price": "$14.50", "price_calculation": "$1.32 per 100g", "category": "Deli"},
{"title": "Coles Deli Salads Tub Medium Classic Pasta | Medium", "price": "$5.00", "price_calculation": "$5.00 per 1ea", "category": "Deli"},
{"title": "Revlon Sculpt + Highlight Contour Makeup Kit Light/Medium Kit | 10g", "price": "$29.00", "price_calculation": "$29.00 per 10g", "category": "Health & Beauty"},
{"title": "Just Juice Orange Juice Multipack 200mL | 6 pack", "price": "$5.20", "price_calculation": "$4.33 per 1L", "category": "Drinks"},
{"title": "Coles Fruity Bites Platter | 1 each", "price": "$35.00", "price_calculation": "$35.00 per 1ea", "category": "Deli"},
{"title": "Coles Finest British Oak Smoked Cheddar | approx 200g", "price": "$7.50", "price_calculation": "$37.50 per 1kg", "category": "Deli"},
{"title": "L'Oreal Paris C'Est Magic Cc Cream 01 Anti-Redness | 30mL", "price": "$29.00", "price_calculation": "$9.67 per 10mL", "category": "Health & Beauty"},
{"title": "Sprite Zero Sugar Lemonade Soft Drink Multipack Mini Cans 6 x 250mL | 6 pack", "price": "$5.80", "price_calculation": "$3.87 per 1L", "category": "Drinks"},
{"title": "Coles Deli Delre Dutch Smoked Cheese | approx 250g", "price": "$9.00", "price_calculation": "$36.00 per 1kg", "category": "Deli"},
{"title": "Coles Deli Fromager D'Affinois Blue Cheese | approx200g", "price": "$13.40", "price_calculation": "$67.00 per 1kg", "category": "Deli"},
{"title": "Fudge Professional Clean Blonde Damage Rewind Violet Purple Toning Shampoo | 250mL", "price": "$29.00", "price_calculation": "$11.60 per 100mL", "category": "Health & Beauty"},
{"title": "Nestle Milo Softpack Refill 650gram | 650g", "price": "$9.50", "price_calculation": "$1.46 per 100g", "category": "Drinks"},
{"title": "Premier Selection Appleblossom Smoked Cheddar | approx 100g", "price": "$5.50", "price_calculation": "$55.00 per 1kg", "category": "Deli"},
{"title": "Coles Classic Homestyle Hot Roast Lamb | 1 each", "price": null, "price_calculation": null, "category": "Deli"},
{"title": "Fudge Professional Clean Blonde Purple Violet Toning Treatment | 200mL", "price": "$29.00", "price_calculation": "$14.50 per 100mL", "category": "Health & Beauty"},
{"title": "Coles Soda Water With Lime | 1.25L", "price": "$0.90", "price_calculation": "$0.72 per 1L", "category": "Drinks"},
{"title": "King Island Dairy Smoked Cheddar Cheese | approx200g", "price": "$11.40", "price_calculation": "$57.00 per 1kg", "category": "Deli"},
{"title": "El Pozo Jamon Serrano Aged 12 Months | approx 100g", "price": "$5.00", "price_calculation": "$50.00 per 1kg", "category": "Deli"},
{"title": "Cancer Council Sunscreen Sport SPF50+ | 500mL", "price": "$29.00", "price_calculation": "$5.80 per 100mL", "category": "Health & Beauty"},
{"title": "Mountain Dew Soft Drink | 2L", "price": "$3.00", "price_calculation": "$1.50 per 1L", "category": "Drinks"},
{"title": "King Island Dairy Half Moon Bay Double Brie | approx100g", "price": "$6.35", "price_calculation": "$63.50 per 1kg", "category": "Deli"},
{"title": "Coles Finest Swiss 12 Month Aged Gruyre | approx 130g", "price": "$8.32", "price_calculation": "$64.00 per 1kg", "category": "Deli"},
{"title": "Invisible Zinc 4Hr Water Resistant SPF 50+ | 100mL", "price": "$29.00", "price_calculation": "$29.00 per 100mL", "category": "Health & Beauty"},
{"title": "Sanpellegrino Sparkling Mineral Water Bottle | 750mL", "price": "$3.10", "price_calculation": "$4.13 per 1L", "category": "Drinks"},
{"title": "Coles Baby Bell Peppers Cream Cheese | 120g", "price": "$3.50", "price_calculation": "$29.17 per 1kg", "category": "Deli"},
{"title": "Coles Finest French Double Cream Brie | approx 100g", "price": "$7.00", "price_calculation": "$70.00 per 1kg", "category": "Deli"},
{"title": "Metamucil Natural Granular 114 Dose | 798g", "price": "$29.30", "price_calculation": "$3.67 per 100g", "category": "Health & Beauty"},
{"title": "Golden Circle 100 Percent Apple Blackcurrant Juice | 2L", "price": "$3.50", "price_calculation": "$1.75 per 1L", "category": "Drinks"},
{"title": "OB Finest Quince Fruit Paste | 100g", "price": "$4.50", "price_calculation": "$4.50 per 100g", "category": "Deli"},
{"title": "Tarago Triple Cream | approx 100g", "price": "$7.70", "price_calculation": "$77.00 per 1kg", "category": "Deli"},
{"title": "Invisible Zinc Face & Body SPF 50 Sunscreen | 150g", "price": "$30.00", "price_calculation": "$20.00 per 100g", "category": "Health & Beauty"},
{"title": "Sanitarium So Good Almond Barista Uht Milk | 1L", "price": "$4.00", "price_calculation": "$4.00 per 1L", "category": "Drinks"},
{"title": "Coles Deli Salad Tubs Small Quinoa Tabouleh | 1 each", "price": "$5.00", "price_calculation": "$5.00 per 1ea", "category": "Deli"},
{"title": "Coles Deli Tarago Shadows Of Blue Cheese | approx 100g", "price": "$8.50", "price_calculation": "$85.00 per 1kg", "category": "Deli"},
{"title": "Sukin 3 Step Pack Love Your Skin Face Kit | 375mL", "price": "$30.00", "price_calculation": "$8.00 per 100mL", "category": "Health & Beauty"},
{"title": "Bickford's Pomegranate Juice | 1L", "price": "$5.20", "price_calculation": "$5.20 per 1L", "category": "Drinks"},
{"title": "Barossa Fine Foods French Pate | 110g", "price": "$5.00", "price_calculation": "$4.55 per 100g", "category": "Deli"},
{"title": "Coles Deli  Antipasto Mix | approx 100g", "price": "$2.25", "price_calculation": "$22.50 per 1kg", "category": "Deli"},
{"title": "Revlon Colorstay Overtime #36 Endless Spice Lipcolor | 2mL", "price": "$30.00", "price_calculation": "$150.00 per 10mL", "category": "Health & Beauty"},
{"title": "Moccona Indulgence Speciality Blend Coffee | 200g", "price": "$13.50", "price_calculation": "$6.75 per 100g", "category": "Drinks"},
{"title": "Primo Manuka Honey Bacon | 175g", "price": "$5.00", "price_calculation": "$28.57 per 1kg", "category": "Deli"},
{"title": "Coles Deli Baby Bell Peppers with Cream Cheese | approx 100g", "price": "$3.50", "price_calculation": "$35.00 per 1kg", "category": "Deli"},
{"title": "Revlon Colorstay Overtime #42 Bare Maximum Lipcolor | 2mL", "price": "$30.00", "price_calculation": "$150.00 per 10mL", "category": "Health & Beauty"},
{"title": "Twinings Camomile Honey And Vanilla Infusions Tea Bags | 10 pack", "price": "$1.50", "price_calculation": "$0.15 per 1ea", "category": "Drinks"},
{"title": "Homestead Pate Free Range Chicken With Cracked Pepper | 150g", "price": "$5.50", "price_calculation": "$3.67 per 100g", "category": "Deli"},
{"title": "Coles Salad Small Tubs Potato Egg & Bacon | 1 each", "price": "$5.00", "price_calculation": "$5.00 per 1ea", "category": "Deli"},
{"title": "Revlon Colorstay Overtime #38 Always Sienna Lipcolor | 2mL", "price": "$30.00", "price_calculation": "$150.00 per 10mL", "category": "Health & Beauty"},
{"title": "Maximus Bring It On Blue Isotonic Sports Drink | 1L", "price": "$2.50", "price_calculation": "$2.50 per 1L", "category": "Drinks"},
{"title": "Coles Deli Salad Tubs Medium Quinoa Tabouleh | 1 each", "price": "$6.00", "price_calculation": "$6.00 per 1ea", "category": "Deli"},
{"title": "Primo The Charcuterie Collection Salami Classic Mild | 80g", "price": "$6.00", "price_calculation": "$75.00 per 1kg", "category": "Deli"},
{"title": "Revlon Colorstay Overtime Lipcolor #46 Infinite Raspberry | 2mL", "price": "$30.00", "price_calculation": "$150.00 per 10mL", "category": "Health & Beauty"},
{"title": "Golden Circle Tropical Punch Tetra Fruit Drink | 1L", "price": "$2.60", "price_calculation": "$2.60 per 1L", "category": "Drinks"},
{"title": "Coles Salad Medium Tubs Potato Egg & Bacon Salad Salad | 1 each", "price": "$6.00", "price_calculation": "$6.00 per 1ea", "category": "Deli"},
{"title": "Coles Deli Thawed Australian Cooked Black Tiger Prawns Medium | approx 250g", "price": "$6.25", "price_calculation": "$25.00 per 1kg", "category": "Deli"},
{"title": "Nicorette Fresh Fruit Gum 2Mg | 75 pack", "price": "$30.00", "price_calculation": "$0.40 per 1ea", "category": "Health & Beauty"},
{"title": "Daily Juice No Added Sugar Pulpy Orange Juice | 500mL", "price": "$2.70", "price_calculation": "$5.40 per 1L", "category": "Drinks"},
{"title": "Coles Deli Thawed Prawn Skewers Chilli & Lime | 5 pack", "price": "$6.25", "price_calculation": "$1.25 per 1ea", "category": "Deli"},
{"title": "OB Finest Cashew & Rosemary Crackers | 150g", "price": "$6.50", "price_calculation": "$4.33 per 100g", "category": "Deli"},
{"title": "Nicorette Fresh Fruit Gum 4Mg | 75 pack", "price": "$30.00", "price_calculation": "$0.40 per 1ea", "category": "Health & Beauty"},
{"title": "Pauls Zymil Full Cream Uht Milk 3x250mL | 750mL", "price": "$3.20", "price_calculation": "$0.43 per 100mL", "category": "Drinks"},
{"title": "British Sausage Co Black Pudding | 200g", "price": "$6.50", "price_calculation": "$32.50 per 1kg", "category": "Deli"},
{"title": "D'Orsogna Pepperoni | 1 each", "price": "$7.30", "price_calculation": "$48.67 per 1kg", "category": "Deli"},
{"title": "Gillette Fusion ProGlide Limited Edition Gift Pack | 1 pack", "price": "$30.00", "price_calculation": "$30.00 per 1ea", "category": "Health & Beauty"},
{"title": "Sprite Lemonade Soft Drink Bottle | 600mL", "price": "$3.20", "price_calculation": "$5.33 per 1L", "category": "Drinks"},
{"title": "Coles Deli Salad Tubs Large Quinoa Tabouleh | 1 each", "price": "$7.00", "price_calculation": "$7.00 per 1ea", "category": "Deli"},
{"title": "Coles Australian Made Free Range Triple Smoked Leg Ham | 140g", "price": "$7.80", "price_calculation": "$55.71 per 1kg", "category": "Deli"},
{"title": "Sukin Purely Ageless Restorative Night Cream | 120mL", "price": "$30.00", "price_calculation": "$25.00 per 100mL", "category": "Health & Beauty"},
{"title": "Nudie Nothing But Orange Juice | 400mL", "price": "$3.40", "price_calculation": "$8.50 per 1L", "category": "Drinks"},
{"title": "Yarra Valley Cheese Camembert | 200g", "price": "$8.00", "price_calculation": "$40.00 per 1kg", "category": "Deli"},
{"title": "Udder Delights Adelaide Hills Double Cream Brie Cheese | 200g", "price": "$9.90", "price_calculation": "$49.50 per 1kg", "category": "Deli"},
{"title": "L'Oreal Paris False Lash Telescopic Magnetic Black | 9mL", "price": "$30.00", "price_calculation": "$33.33 per 10mL", "category": "Health & Beauty"},
{"title": "Boss Vanilla Latte Coffee | 237mL", "price": "$3.85", "price_calculation": "$16.25 per 1L", "category": "Drinks"},
{"title": "La Casa Del Formaggio Mozzarella Balls | 450g", "price": "$8.30", "price_calculation": "$18.44 per 1kg", "category": "Deli"},
{"title": "Coles Split Green Olives | approx 100g", "price": "$2.50", "price_calculation": "$25.00 per 1kg", "category": "Deli"},
{"title": "Le Tan Uber Stay Ash Base Stay Self Tanning Foam | 200mL", "price": "$30.00", "price_calculation": "$15.00 per 100mL", "category": "Health & Beauty"},
{"title": "Devondale Semi Skim Long Life Milk | 2L", "price": "$3.90", "price_calculation": "$1.95 per 1L", "category": "Drinks"},
{"title": "Coles Deli Meredith Dairy Plain Chevre | 150g", "price": "$9.00", "price_calculation": "$60.00 per 1kg", "category": "Deli"},
{"title": "Casalingo Porchetta | approx 100g", "price": "$3.00", "price_calculation": "$30.00 per 1kg", "category": "Deli"},
{"title": "Le Tan Uber Stay Green Base Stay Self Tanning Foam | 200mL", "price": "$30.00", "price_calculation": "$15.00 per 100mL", "category": "Health & Beauty"},
{"title": "Bundaberg Brewed Drink Blood Orange 4x375mL | 4 pack", "price": "$6.45", "price_calculation": "$4.30 per 1L", "category": "Drinks"},
{"title": "Udder Delights Adelaide Hills Ash Brie Cheese | 200g", "price": "$10.50", "price_calculation": "$52.50 per 1kg", "category": "Deli"},
{"title": "Coles Australian Made Coppa Ham | approx 100g", "price": "$3.15", "price_calculation": "$31.50 per 1kg", "category": "Deli"},
{"title": "VS Sassoon Led Lighted Mirror | 1 pack", "price": "$30.00", "price_calculation": "$30.00 per 1ea", "category": "Health & Beauty"},
{"title": "Bundaberg Brewed Drink Tropical Mango 4x375mL | 4 pack", "price": "$6.45", "price_calculation": "$4.30 per 1L", "category": "Drinks"},
{"title": "Coles Deli Ham Hock | approx 600g", "price": "$7.20", "price_calculation": "$12.00 per 1kg", "category": "Deli"},
{"title": "Coles Deli Auricchio Provolone Classico Cheese | approx 250g", "price": "$11.25", "price_calculation": "$45.00 per 1kg", "category": "Deli"},
{"title": "L'Oreal Paris Life'S A Peach Blush | 9g", "price": "$30.00", "price_calculation": "$33.33 per 10g", "category": "Health & Beauty"},
{"title": "Nuris Organic Wild Pomegranate Juice Bottle | 1L", "price": "$7.85", "price_calculation": "$7.85 per 1L", "category": "Drinks"},
{"title": "Hedys Quiche Leek Bacon | 1.1kg", "price": "$14.50", "price_calculation": "$1.32 per 100g", "category": "Deli"},
{"title": "Barber's English Cheddar | approx 100g", "price": "$4.90", "price_calculation": "$49.00 per 1kg", "category": "Deli"},
{"title": "L'Oreal Wake Up And Glow Back To Bronze Matte Bronzer Sunkiss | 7.5g", "price": "$30.00", "price_calculation": "$40.00 per 10g", "category": "Health & Beauty"},
{"title": "Nudie Carrot Apple Orange & Ginger Juice Chilled | 2L", "price": "$8.50", "price_calculation": "$4.25 per 1L", "category": "Drinks"},
{"title": "Coles Wraps Platter Vegetarian | 1 each", "price": "$30.00", "price_calculation": "$30.00 per 1ea", "category": "Deli"},
{"title": "King Island Dairy Surprise Bay Cheddar Cheese Block | approx200g", "price": "$10.80", "price_calculation": "$54.00 per 1kg", "category": "Deli"},
{"title": "Herron Nicaway Lozenges 4mg | 132 pack", "price": "$30.00", "price_calculation": "$0.23 per 1ea", "category": "Health & Beauty"},
{"title": "Twinings Lemon & Ginger Infusions Tea Bags 80 pack | 120g", "price": "$13.50", "price_calculation": "$0.17 per 1ea", "category": "Drinks"},
{"title": "Coles Artisan Grazing Platter | 1 each", "price": "$35.00", "price_calculation": "$35.00 per 1ea", "category": "Deli"},
{"title": "King Island Dairy Furneaux Cheese | approx 100g", "price": "$8.00", "price_calculation": "$80.00 per 1kg", "category": "Deli"},
{"title": "Gillette Skinguard Razor Blades | 4 pack", "price": "$30.00", "price_calculation": "$7.50 per 1ea", "category": "Health & Beauty"},
{"title": "Schweppes Soft Drink Raspberry | 1.1L", "price": "$1.50", "price_calculation": "$1.36 per 1L", "category": "Drinks"},
{"title": "Meredith Dairy Marinated Goats Cheese | approx 100g", "price": "$4.00", "price_calculation": "$40.00 per 1kg", "category": "Deli"},
{"title": "King Island Dairy Roaring Forties Blue | approx 100g", "price": "$8.00", "price_calculation": "$80.00 per 1kg", "category": "Deli"},
{"title": "Le Tan Uber Dark Fast Ash Base 1 Hour Express | 200mL", "price": "$30.00", "price_calculation": "$15.00 per 100mL", "category": "Health & Beauty"},
{"title": "Twinings Chamomile & Spearmint Herbal Infusions Tea Bags 10 pack | 15g", "price": "$1.50", "price_calculation": "$0.15 per 1ea", "category": "Drinks"},
{"title": "Somerdale Champagne Cheddar | approx100g", "price": "$5.20", "price_calculation": "$52.00 per 1kg", "category": "Deli"},
{"title": "Thomson's Deli Danish Salami | 200g", "price": "$5.00", "price_calculation": "$25.00 per 1kg", "category": "Deli"},
{"title": "Le Tan Uber Dark Fast Green Base 1 Hour Express | 200mL", "price": "$30.00", "price_calculation": "$15.00 per 100mL", "category": "Health & Beauty"},
{"title": "Impressed Jack Rose Juice | 325mL", "price": "$2.50", "price_calculation": "$7.69 per 1L", "category": "Drinks"},
{"title": "Coles Deli Castello Blue Cheese | approx130g", "price": "$7.80", "price_calculation": "$60.00 per 1kg", "category": "Deli"},
{"title": "Coles Chicken & Mayo Caesar Mix | 220g", "price": "$5.50", "price_calculation": "$25.00 per 1kg", "category": "Deli"},
{"title": "L'Oreal Paris Volume Million Lashes Balm Noir | 10mL", "price": "$30.00", "price_calculation": "$30.00 per 10mL", "category": "Health & Beauty"},
{"title": "Golden Circle Tetra Pineapple Mango Fruit Drink | 1L", "price": "$2.60", "price_calculation": "$2.60 per 1L", "category": "Drinks"},
{"title": "King Island Dairy Black Label Brie | approx100g", "price": "$6.50", "price_calculation": "$65.00 per 1kg", "category": "Deli"},
{"title": "Coles Deli Medium Greek Salad | 1 each", "price": "$6.00", "price_calculation": "$6.00 per 1ea", "category": "Deli"},
{"title": "Ogx Biotin & Collagen Conditioner | 750mL", "price": "$30.00", "price_calculation": "$4.00 per 100mL", "category": "Health & Beauty"},
{"title": "Fanta Orange Soft Drink Bottle | 600mL", "price": "$3.20", "price_calculation": "$5.33 per 1L", "category": "Drinks"},
{"title": "Auricchio Parmigiano Reggiano Cheese | approx250g", "price": "$17.50", "price_calculation": "$70.00 per 1kg", "category": "Deli"},
{"title": "Primo Australian Short Cut Bacon | 200g", "price": "$7.00", "price_calculation": "$35.00 per 1kg", "category": "Deli"},
{"title": "Ogx Biotin & Collagen Shampoo | 750mL", "price": "$30.00", "price_calculation": "$4.00 per 100mL", "category": "Health & Beauty"},
{"title": "Coles Hot Chocolate Sachets | 10 pack", "price": "$3.25", "price_calculation": "$0.33 per 1ea", "category": "Drinks"},
{"title": "Moira Mac's Snackers Buffalo Mini Chicken Kebabs | 90g", "price": "$2.00", "price_calculation": "$22.22 per 1kg", "category": "Deli"},
{"title": "Princi Mild Hungarian Salami | 100g", "price": "$7.40", "price_calculation": "$74.00 per 1kg", "category": "Deli"},
{"title": "Poise 2-in-1 Period & Incontinence Underwear Black Size 12-14 | 1 pack", "price": "$30.00", "price_calculation": "$30.00 per 1ea", "category": "Health & Beauty"},
{"title": "Impressed Essentials Berry Bliss | 1L", "price": "$3.50", "price_calculation": "$3.50 per 1L", "category": "Drinks"},
{"title": "Coles Deli Express Colossal Kalamata Olives | 110g", "price": "$3.50", "price_calculation": "$31.82 per 1kg", "category": "Deli"},
{"title": "Yarra Valley Cheese Double Brie | 200g", "price": "$8.00", "price_calculation": "$40.00 per 1kg", "category": "Deli"},
{"title": "Poise 2-in-1 Period & Incontinence Underwear Black Size 16-18 | 1 pack", "price": "$30.00", "price_calculation": "$30.00 per 1ea", "category": "Health & Beauty"},
{"title": "Oak Plus No Added Sugar Vanilla Flavoured Milk With 30g Protein | 500mL", "price": "$3.70", "price_calculation": "$7.40 per 1L", "category": "Drinks"},
{"title": "Coles Deli RSPCA Approved Chicken Cordon Bleu | 1 each", "price": "$4.00", "price_calculation": "$4.00 per 1ea", "category": "Deli"},
{"title": "Don Mild Hungarian Salami | 200g", "price": "$8.50", "price_calculation": "$4.25 per 100g", "category": "Deli"},
{"title": "Medimuscle Cramp Relief & Muscle Health Gummies | 60 pack", "price": "$30.00", "price_calculation": "$0.50 per 1ea", "category": "Health & Beauty"},
{"title": "Schweppes Solo Lemon Flavoured Drink | 600mL", "price": "$3.80", "price_calculation": "$6.33 per 1L", "category": "Drinks"},
{"title": "Coles Deli Salads Tub Small Classic Pasta | 1 each", "price": "$4.00", "price_calculation": "$4.00 per 1ea", "category": "Deli"},
{"title": "GS Premium Spicy Salami Pizza | 520g", "price": "$12.00", "price_calculation": "$2.31 per 100g", "category": "Deli"},
{"title": "Henry Blooms Multi Fibre With Probiotics | 300g", "price": "$30.00", "price_calculation": "$10.00 per 100g", "category": "Health & Beauty"},
{"title": "Australias Own Strawberry Kids Milk 200mL | 6 pack", "price": "$3.85", "price_calculation": "$3.21 per 1L", "category": "Drinks"},
{"title": "Coles Deli Express Chicken Pate | 120g", "price": "$6.00", "price_calculation": "$5.00 per 100g", "category": "Deli"},
{"title": "Coles Deli Delre Mini Chol | approx 180g", "price": "$6.84", "price_calculation": "$38.00 per 1kg", "category": "Deli"},
{"title": "Essano Expertise Daily Hydration Shampoo | 600mL", "price": "$30.00", "price_calculation": "$5.00 per 100mL", "category": "Health & Beauty"},
{"title": "Bonsoy Almond Milk | 1L", "price": "$4.90", "price_calculation": "$4.90 per 1L", "category": "Drinks"},
{"title": "Provedore Free Range Sopressa Sleeved | 80g", "price": "$6.50", "price_calculation": "$81.25 per 1kg", "category": "Deli"},
{"title": "Coles Wraps Platter Meatlovers | 1 each", "price": "$40.00", "price_calculation": "$40.00 per 1ea", "category": "Deli"},
{"title": "Essano Expertise Daily Hydration Conditioner | 600mL", "price": "$30.00", "price_calculation": "$5.00 per 100mL", "category": "Health & Beauty"},
{"title": "Robert Timms Premium Espresso Extra Dark Roasted Granulated Coffee | 200g", "price": "$5.35", "price_calculation": "$2.68 per 100g", "category": "Drinks"},
{"title": "Primo Thin Frankfurts | 1 kg", "price": "$7.40", "price_calculation": "$7.40 per 1kg", "category": "Deli"},
{"title": "Coles Finest Dutch 6 Month Aged Goats Gouda | approx 125g ", "price": "$7.00", "price_calculation": "$56.00 per 1kg", "category": "Deli"},
{"title": "Coles Fennel Sopressa Salami | 150g", "price": "$7.50", "price_calculation": "$50.00 per 1kg", "category": "Deli"},
{"title": "Snowdonia Black Bomber Mature Cheddar | approx 100g", "price": "$6.90", "price_calculation": "$69.00 per 1kg", "category": "Deli"},
{"title": "Royal Hollandia Edam | approx 100g", "price": "$3.80", "price_calculation": "$38.00 per 1kg", "category": "Deli"},
{"title": "Coles Finest French 18 Month Aged Comte | approx 130g", "price": "$9.23", "price_calculation": "$71.00 per 1kg", "category": "Deli"},
{"title": "Sheese Tasty Grated | 200g", "price": "$7.00", "price_calculation": "$35.00 per 1kg", "category": "Dairy, Eggs & Fridge"},
{"title": "Coles Deli Delre Pecorino Pepato | approx 250g", "price": "$10.50", "price_calculation": "$42.00 per 1kg", "category": "Deli"},
{"title": "King Island Dairy Netherby Camembert Cove | approx 100g", "price": "$7.60", "price_calculation": "$76.00 per 1kg", "category": "Deli"},
{"title": "Mersey Valley Club Ploughman's Cheddar Cheese  | 235g", "price": "$7.00", "price_calculation": "$29.79 per 1kg", "category": "Dairy, Eggs & Fridge"},
{"title": "Mon Pere Brie | approx 100g", "price": "$5.50", "price_calculation": "$55.00 per 1kg", "category": "Deli"},
{"title": "Coles Crumb & Cook Parmesan Garlic & Herb | 30g", "price": "$1.50", "price_calculation": "$50.02 per 1kg", "category": "Deli"},
{"title": "Chris' Heritage Smoked Gouda & Jalapeno | 170g", "price": "$7.00", "price_calculation": "$4.12 per 100g", "category": "Dairy, Eggs & Fridge"},
{"title": "Coles Deli Castello White Cheese | approx140g", "price": "$7.70", "price_calculation": "$55.00 per 1kg", "category": "Deli"},
{"title": "Coles Deli Thawed MSC Raw Aussie Oz Garlic Prawn Skewers | 1 each", "price": "$2.80", "price_calculation": "$2.80 per 1ea", "category": "Deli"},
{"title": "Latina Vegetarian Pasta Filled Vegetarian Cauli & Cheese | 375g", "price": "$7.00", "price_calculation": "$1.87 per 100g", "category": "Dairy, Eggs & Fridge"},
{"title": "Coles Finest European Truffle Goats Cheese | approx 100g", "price": "$6.00", "price_calculation": "$60.00 per 1kg", "category": "Deli"},
{"title": "Valley Produce Co. Original Bagel Toast | 120g", "price": "$5.00", "price_calculation": "$4.17 per 100g", "category": "Deli"},
{"title": "La Famiglia Stone Baked Garlic Ciabatta | 330g", "price": "$7.00", "price_calculation": "$2.12 per 100g", "category": "Dairy, Eggs & Fridge"},
{"title": "Lucky Chicken Free Range Eggs 12 pack | 600g", "price": "$7.20", "price_calculation": "$1.20 per 100g", "category": "Dairy, Eggs & Fridge"},
{"title": "Kido Mochi Mango | 200g", "price": "$7.30", "price_calculation": "$3.65 per 100g", "category": "Dairy, Eggs & Fridge"},
{"title": "Castello Double Cream Brie Chilli | 150g", "price": "$7.50", "price_calculation": "$50.00 per 1kg", "category": "Dairy, Eggs & Fridge"},
{"title": "Chris' Deli Dip Avocado Feta & Jalapeno | 170g", "price": "$7.50", "price_calculation": "$4.41 per 100g", "category": "Dairy, Eggs & Fridge"},
{"title": "Dodoni Goat Cheese | 200g", "price": "$8.60", "price_calculation": "$43.00 per 1kg", "category": "Dairy, Eggs & Fridge"},
{"title": "Dodoni Greek Feta Cheese Lactose Free | 200g", "price": "$8.90", "price_calculation": "$44.50 per 1kg", "category": "Dairy, Eggs & Fridge"},
{"title": "Cremeux Truffle Brie | 180g", "price": "$9.40", "price_calculation": "$52.23 per 1kg", "category": "Dairy, Eggs & Fridge"},
{"title": "Coles Finest Creamy Butter Chicken | 400g", "price": null, "price_calculation": null, "category": "Dairy, Eggs & Fridge"},
{"title": "Vegie Delights Plant Based Vegie Roast | 480g", "price": "$9.50", "price_calculation": "$1.98 per 100g", "category": "Dairy, Eggs & Fridge"},
{"title": "Udder Delights Adelaide Hills Camembert Cheese | 200g", "price": "$9.90", "price_calculation": "$49.50 per 1kg", "category": "Dairy, Eggs & Fridge"},
{"title": "Ready Chef Savoury Rice | 800g", "price": "$10.00", "price_calculation": "$1.25 per 100g", "category": "Dairy, Eggs & Fridge"},
{"title": "Cheer Mozzarella Cheese Block | 500g", "price": "$10.90", "price_calculation": "$21.80 per 1kg", "category": "Dairy, Eggs & Fridge"},
{"title": "Garlos Family Lean Beef Pie | 550g", "price": "$11.60", "price_calculation": "$2.11 per 100g", "category": "Dairy, Eggs & Fridge"},
{"title": "Coyo Organic Coconut Yoghurt Natural | 900g", "price": "$12.00", "price_calculation": "$1.33 per 100g", "category": "Dairy, Eggs & Fridge"},
{"title": "Dodoni Saganaki | 200g", "price": "$12.00", "price_calculation": "$60.00 per 1kg", "category": "Dairy, Eggs & Fridge"},
{"title": "Coles Kitchen Vegetable Lasagne | 1.2kg", "price": null, "price_calculation": null, "category": "Dairy, Eggs & Fridge"},
{"title": "Coles Kitchen Quiche Pumpkin Fetta & Spinach | 700g", "price": "$13.50", "price_calculation": "$1.93 per 100g", "category": "Dairy, Eggs & Fridge"},
{"title": "Coles Finest Angus Beef Cottage Pie | 700g", "price": null, "price_calculation": null, "category": "Dairy, Eggs & Fridge"},
{"title": "Coles Finest Irish Cheddar | approx 100g", "price": "$4.00", "price_calculation": "$40.00 per 1kg", "category": "Dairy, Eggs & Fridge"},
{"title": "Coles Finest Australian Organic Washed Rind | approx 500g ", "price": "$39.00", "price_calculation": "$78.00 per 1kg", "category": "Dairy, Eggs & Fridge"},
{"title": "Aeroplane Ready To Eat Blackcurrant Jelly | 120g", "price": "$1.40", "price_calculation": "$1.17 per 100g", "category": "Dairy, Eggs & Fridge"},
{"title": "Hot-Kid Milk Drink | 245mL", "price": "$1.95", "price_calculation": "$7.96 per 1L", "category": "Dairy, Eggs & Fridge"},
{"title": "Emma & Toms Oat Bite Cranberry Coconut | 40g", "price": "$3.00", "price_calculation": "$7.50 per 100g", "category": "Dairy, Eggs & Fridge"},
{"title": "Coles Kitchen Ramen Noodles | 300g", "price": "$3.00", "price_calculation": "$1.00 per 100g", "category": "Dairy, Eggs & Fridge"},
{"title": "Moondarra Cheese Herb & Capsicum | 120g", "price": "$3.30", "price_calculation": "$27.50 per 1kg", "category": "Dairy, Eggs & Fridge"},
{"title": "Primo Trios Mild Salami Pretzels & Tasty Cheese Cubes | 50g", "price": "$4.25", "price_calculation": "$8.50 per 100g", "category": "Dairy, Eggs & Fridge"},
{"title": "Coles Creamy Cheese Pasta Sauce | 425g", "price": null, "price_calculation": null, "category": "Dairy, Eggs & Fridge"},
{"title": "Bubble Milk Tea Original With Tapioca Pearls | 350mL", "price": "$4.50", "price_calculation": "$12.86 per 1L", "category": "Dairy, Eggs & Fridge"},
{"title": "Pitango Soup Potato & Leek | 350g", "price": "$4.75", "price_calculation": "$1.36 per 100g", "category": "Dairy, Eggs & Fridge"},
{"title": "Sunny Queen Free Range Scrambled Egg Mix | 500g", "price": "$5.50", "price_calculation": "$1.10 per 100g", "category": "Dairy, Eggs & Fridge"},
{"title": "Coles Chicken & Mayo Herb Mix | 220g", "price": "$5.50", "price_calculation": "$25.00 per 1kg", "category": "Dairy, Eggs & Fridge"},
{"title": "Easiyo Greek Style Unsweetened Yoghurt | 170g", "price": "$5.70", "price_calculation": "$3.35 per 100g", "category": "Dairy, Eggs & Fridge"},
{"title": "Easiyo Greek Style Unsweetened Yoghurt | 170g", "price": "$5.70", "price_calculation": "$3.35 per 100g", "category": "Dairy, Eggs & Fridge"},
{"title": "Coles Finest Filled Pasta Pumpkin | 350g", "price": "$6.00", "price_calculation": "$1.71 per 100g", "category": "Dairy, Eggs & Fridge"},
{"title": "Great Ocean Road Road Pat Butter Unsalted | 250g", "price": "$6.00", "price_calculation": "$2.40 per 100g", "category": "Dairy, Eggs & Fridge"},
{"title": "Don Popcorn Bacon | 140g", "price": "$6.00", "price_calculation": "$42.86 per 1kg", "category": "Dairy, Eggs & Fridge"},
{"title": "Ashgrove Tasmanian Smoked Cheddar The Hazards | 140g", "price": "$6.00", "price_calculation": "$42.86 per 1kg", "category": "Dairy, Eggs & Fridge"},
{"title": "South Cape Spring Onion & Chive Cream Cheese | 200g", "price": "$6.50", "price_calculation": "$32.50 per 1kg", "category": "Dairy, Eggs & Fridge"},
{"title": "South Cape Club Cheddar Smoked | 140g", "price": "$6.50", "price_calculation": "$46.43 per 1kg", "category": "Dairy, Eggs & Fridge"},
{"title": "Coles Finest Spanish Red Wine Cheese | 150g", "price": "$6.60", "price_calculation": "$44.00 per 1kg", "category": "Dairy, Eggs & Fridge"},
{"title": "Kb's Tender Squid Chips Lightly Crumbed | 1kg", "price": "$13.75", "price_calculation": "$13.75 per 1kg", "category": "Frozen"},
{"title": "Vadilal Green Chilli | 312g", "price": "$2.40", "price_calculation": "$0.77 per 100g", "category": "Frozen"},
{"title": "Nescafe 98% SF Caramel Coffee Sachets | 10 pack", "price": "$7.60", "price_calculation": "$0.76 per 1ea", "category": "Drinks"},
{"title": "Mrs Mac's Microwaveable Beef Pastie | 165g", "price": "$2.50", "price_calculation": "$1.52 per 100g", "category": "Frozen"},
{"title": "Nescafe Skim Cappuccino Coffee Sachets | 10 pack", "price": "$7.60", "price_calculation": "$0.76 per 1ea", "category": "Drinks"},
{"title": "Birds Eye Snap Frozen Sliced Green Beans | 500g", "price": "$3.40", "price_calculation": "$6.80 per 1kg", "category": "Frozen"},
{"title": "Remedy Kombucha Passionfruit 4X250mL | 4 pack", "price": "$8.75", "price_calculation": "$8.75 per 1L", "category": "Drinks"},
{"title": "Birds Eye Snap Frozen Garden Peas | 500g", "price": "$3.50", "price_calculation": "$7.00 per 1kg", "category": "Frozen"},
{"title": "Soda Press Co Kombucha Zesty Ginger | 500mL", "price": "$9.00", "price_calculation": "$18.00 per 1L", "category": "Drinks"},
{"title": "Birds Eye Frozen Chinese Vegetables Stir Fry | 850g", "price": "$5.50", "price_calculation": "$6.47 per 1kg", "category": "Frozen"},
{"title": "Lipton Spiced Chai Latte Sachets | 16 pack", "price": "$10.00", "price_calculation": "$0.63 per 1ea", "category": "Drinks"},
{"title": "Coles Chicken & Vegetable Pie 4 pack | 700g", "price": "$5.60", "price_calculation": "$0.80 per 100g", "category": "Frozen"},
{"title": "Starbucks Nescafe Dolce Gusto Vanilla Macchiato 132g | 12 pack", "price": "$10.00", "price_calculation": "$0.83 per 1ea", "category": "Drinks"},
{"title": "Steggles Frozen Tempura Chicken Breast Dino Snacks  | 400g", "price": null, "price_calculation": null, "category": "Frozen"},
{"title": "Staminade Hydrate 25% Less Sugar Orange Powder | 585g", "price": "$10.80", "price_calculation": "$1.85 per 100g", "category": "Drinks"},
{"title": "On The Menu Frozen Chicken Kiev | 320g", "price": "$7.00", "price_calculation": "$2.19 per 100g", "category": "Frozen"},
{"title": "Great Northern Zero Can 375mL | 6 Pack", "price": "$12.00", "price_calculation": "$5.33 per 1L", "category": "Drinks"},
{"title": "Poulings Sliced Beef | 290g", "price": "$7.50", "price_calculation": "$2.59 per 100g", "category": "Frozen"},
{"title": "Vittoria Espresso Nespresso Compatible Coffee Capsules | 20 pack", "price": "$13.00", "price_calculation": "$0.65 per 1ea", "category": "Drinks"},
{"title": "Peters Original Ice Cream Twin Pole Vanilla Chocolate 8 Pack | 592mL", "price": "$8.00", "price_calculation": "$1.35 per 100mL", "category": "Frozen"},
{"title": "Symintons Dandelion Instant Herbal Tea | 250g", "price": "$13.20", "price_calculation": "$5.28 per 100g", "category": "Drinks"},
{"title": "Core Powerfoods Beef Taco Bowl | 350g", "price": "$9.00", "price_calculation": "$2.57 per 100g", "category": "Frozen"},
{"title": "Peroni Nastro 0.0% Bottle 330mL | 6 Pack", "price": "$13.50", "price_calculation": "$6.82 per 1L", "category": "Drinks"},
{"title": "Streets Magnum Luxe Caramel Ego Ice Cream 4 Pack | 388mL", "price": "$11.50", "price_calculation": "$2.96 per 100mL", "category": "Frozen"},
{"title": "Naked Life Non-Alcoholic Margarita Can 250mL | 4 Pack", "price": "$15.00", "price_calculation": "$15.00 per 1L", "category": "Drinks"},
{"title": "Coles Original Chicken Tenders | 1kg", "price": "$11.50", "price_calculation": "$11.50 per 1kg", "category": "Frozen"},
{"title": "Naked Life Non-Alcoholic Cocktail Gin & Tonic Can 250ml | 4 Pack", "price": "$15.00", "price_calculation": "$15.00 per 1L", "category": "Drinks"},
{"title": "Coles Frozen Pomegranate Arils | 250g", "price": "$4.00", "price_calculation": "$1.60 per 100g", "category": "Frozen"},
{"title": "Lyre's London Spirit Gin 200mL | 1 Each", "price": "$15.00", "price_calculation": "$75.00 per 1L", "category": "Drinks"},
{"title": "McCain Frozen Corn Kernels | 500g", "price": "$4.00", "price_calculation": "$8.00 per 1kg", "category": "Frozen"},
{"title": "Naked Life Non Alcoholic Cocktail Espresso Martini 4x200mL | 4 pack", "price": "$15.00", "price_calculation": "$18.75 per 1L", "category": "Drinks"},
{"title": "Hanabi Mukimake Shelled Soybeans | 400g", "price": "$4.50", "price_calculation": "$11.25 per 1kg", "category": "Frozen"},
{"title": "Zeffer Non Alc Apple Cider 4x330mL | 4 pack", "price": "$15.00", "price_calculation": "$11.36 per 1L", "category": "Drinks"},
{"title": "Coles Frozen Chicken Breast Kiev 2 Pack | 350g", "price": "$6.00", "price_calculation": "$17.14 per 1kg", "category": "Frozen"},
{"title": "Moccona Mocha Kenya Style Rich & Exotic Instant Coffee | 200g", "price": "$16.00", "price_calculation": "$8.00 per 100g", "category": "Drinks"},
{"title": "Dr. Oetker Frozen Ristorante Funghi Mushroom Pizza | 365g", "price": "$6.30", "price_calculation": "$1.73 per 100g", "category": "Frozen"},
{"title": "Lavazza Espresso Classico Nespresso Compatible Coffee Pods | 30 pack", "price": "$17.00", "price_calculation": "$0.57 per 1ea", "category": "Drinks"},
{"title": "Dr. Oetker Frozen Ristorante Hawaii Pizza | 355g", "price": "$6.30", "price_calculation": "$1.77 per 100g", "category": "Frozen"},
{"title": "San Pellegrino Mineral Water 1L | 6 pack", "price": "$18.85", "price_calculation": "$3.14 per 1L", "category": "Drinks"},
{"title": "Steggles Southwest Chicken Pops | 400g", "price": "$6.50", "price_calculation": "$16.25 per 1kg", "category": "Frozen"},
{"title": "Caffe Aurora Italian Blend Beans Coffee | 1kg", "price": "$19.00", "price_calculation": "$1.90 per 100g", "category": "Drinks"},
{"title": "Weight Watchers Frozen Chicken & Mushroom Fettuccine | 300g", "price": "$6.50", "price_calculation": "$2.17 per 100g", "category": "Frozen"},
{"title": "Harris Strong Coffee Ground | 1kg", "price": "$26.00", "price_calculation": "$2.60 per 100g", "category": "Drinks"},
{"title": "McCain Frozen Ultra Thin Crust Angus Beef Pizza | 320g", "price": "$9.00", "price_calculation": "$2.81 per 100g", "category": "Frozen"},
{"title": "Lavazza Smooth And Aromatic Medium Roast Ground Coffee | 1kg", "price": "$38.00", "price_calculation": "$3.80 per 100g", "category": "Drinks"},
{"title": "Balfours Frozen Premium Potato Pie 2 pack | 440g", "price": "$7.50", "price_calculation": "$1.70 per 100g", "category": "Frozen"},
{"title": "Perform Blue Iceberg Sports Drink | 600mL", "price": "$2.20", "price_calculation": "$3.67 per 1L", "category": "Drinks"},
{"title": "Peters Gluten Free Frosty Fruits Watermelon Slice Ice Cream Stick 8 pack | 520mL", "price": "$8.00", "price_calculation": "$1.54 per 100mL", "category": "Frozen"},
{"title": "Diet Rite Cordial Lemon Lime Orange | 1L", "price": "$3.50", "price_calculation": "$3.50 per 1L", "category": "Drinks"},
{"title": "McCain Family Pizza Pepperoni | 490g", "price": "$8.50", "price_calculation": "$1.73 per 100g", "category": "Frozen"},
{"title": "Lotus Peak White Tea Bags 25 pack | 50g", "price": "$4.00", "price_calculation": "$0.16 per 1ea", "category": "Drinks"},
{"title": "Drumstick Ice Cream Mini Boysenberry 6Pack | 490mL", "price": "$9.50", "price_calculation": "$1.98 per 100mL", "category": "Frozen"},
{"title": "Australia's Own Plant Blends | 1L", "price": "$4.00", "price_calculation": "$4.00 per 1L", "category": "Drinks"},
{"title": "Four N Twenty Angus Beef Pies | 700g", "price": "$11.00", "price_calculation": "$1.57 per 100g", "category": "Frozen"},
{"title": "Bickfords Wellbeing Immunity Blend Citrus | 1L", "price": "$5.20", "price_calculation": "$5.20 per 1L", "category": "Drinks"},
{"title": "The Fishery Banana Prawn Meat | 200g", "price": "$12.00", "price_calculation": "$60.00 per 1kg", "category": "Frozen"},
{"title": "Sodastream Soda Flavours Lime | 440mL", "price": "$7.00", "price_calculation": "$15.91 per 1L", "category": "Drinks"},
{"title": "Coles Frozen Beef Lasagne Pasta | 400g", "price": "$3.00", "price_calculation": "$0.75 per 100g", "category": "Frozen"},
{"title": "Chatime Peach Iced Bubble Tea | 4 pack", "price": "$8.00", "price_calculation": "$2.00 per 1ea", "category": "Drinks"},
{"title": "Birds Eye Snap Frozen Sliced Green Beans | 1kg", "price": "$5.00", "price_calculation": "$5.00 per 1kg", "category": "Frozen"},
{"title": "Wallaby Still Spring Water 6x375mL | 6 pack", "price": "$9.60", "price_calculation": "$4.27 per 1L", "category": "Drinks"},
{"title": "McCain Red Box Tray Fettucine Carbonara  | 375g", "price": "$5.60", "price_calculation": "$1.49 per 100g", "category": "Frozen"},
{"title": "Dilmah Premium Pure Ceylon Tea Bags 200 pack | 400g", "price": "$11.50", "price_calculation": "$0.06 per 1ea", "category": "Drinks"},
{"title": "McCain Red Box Plated Chicken Parmigiana  | 320g", "price": "$6.00", "price_calculation": "$1.88 per 100g", "category": "Frozen"},
{"title": "McGuigan Zero Shiraz 750mL | 1 Each", "price": "$11.50", "price_calculation": "$15.33 per 1L", "category": "Drinks"},
{"title": "Birds Eye Snap Frozen Winter Vegetables | 1 kg", "price": "$6.50", "price_calculation": "$6.50 per 1kg", "category": "Frozen"},
{"title": "Vittoria Decaf Nespresso Compatible Capsules | 20 pack", "price": "$13.00", "price_calculation": "$0.65 per 1ea", "category": "Drinks"},
{"title": "Streets Blue Ribbon Neapolitan Ice Cream Tub | 2L", "price": "$7.00", "price_calculation": "$0.35 per 100mL", "category": "Frozen"},
{"title": "Vittoria Mountain Grown Nespresso Compatible Capsules | 20 pack", "price": "$13.00", "price_calculation": "$0.65 per 1ea", "category": "Drinks"},
{"title": "McCain Frozen Ham & Pineapple Family Pizza | 500g", "price": "$8.50", "price_calculation": "$1.70 per 100g", "category": "Frozen"},
{"title": "Naked Life Non-Alcoholic Negroni Spritz Can 250mL | 4 Pack", "price": "$16.00", "price_calculation": "$16.00 per 1L", "category": "Drinks"},
{"title": "Drumstick Ice Cream Super Choc 4Pack | 475mL", "price": "$9.50", "price_calculation": "$2.00 per 100mL", "category": "Frozen"},
{"title": "Naked Life Non Alcoholic Cocktail Cosmo 4x250mL | 4 pack", "price": "$15.00", "price_calculation": "$15.00 per 1L", "category": "Drinks"},
{"title": "Gelatissimo Gelato Italian Hazelnut | 473mL", "price": "$10.00", "price_calculation": "$2.11 per 100mL", "category": "Frozen"},
{"title": "Heaps Normal Another Lager Can 375mL | 4 pack", "price": "$15.00", "price_calculation": "$10.00 per 1L", "category": "Drinks"},
{"title": "Steggles Habanero Chicken Wings | 1kg", "price": "$13.00", "price_calculation": "$13.00 per 1kg", "category": "Frozen"},
{"title": "Lavazza Qualita Rossa Nespresso Compatible Coffee Pods | 30 pack", "price": "$17.00", "price_calculation": "$0.57 per 1ea", "category": "Drinks"},
{"title": "Coles Frozen Cauliflower | 500g", "price": "$3.00", "price_calculation": "$6.00 per 1kg", "category": "Frozen"},
{"title": "Pepsi Max Soft Drink 12X450Ml | 12 pack", "price": "$18.00", "price_calculation": "$3.33 per 1L", "category": "Drinks"},
{"title": "Coles Snap Frozen Peas & Corn | 500g", "price": "$3.00", "price_calculation": "$6.00 per 1kg", "category": "Frozen"},
{"title": "Sodastream Carbonating Bottle Dishwasher Safe | 2 pack", "price": "$19.95", "price_calculation": "$9.98 per 1ea", "category": "Drinks"},
{"title": "Birds Eye Golden Crunch Straight Cut Chips | 900g", "price": "$5.80", "price_calculation": "$6.44 per 1kg", "category": "Frozen"},
{"title": "Lavazza Medium Roast Smooth And Aromatic Coffee Beans | 1kg", "price": "$38.00", "price_calculation": "$3.80 per 100g", "category": "Drinks"},
{"title": "Ingham's Chicken Chippies | 400g", "price": "$5.80", "price_calculation": "$14.50 per 1kg", "category": "Frozen"},
{"title": "Coles Blue Raspberry Sports Drink | 750mL", "price": "$1.75", "price_calculation": "$2.33 per 1L", "category": "Drinks"},
{"title": "Weight Watchers Chilli Con Carne | 330g", "price": "$6.50", "price_calculation": "$1.97 per 100g", "category": "Frozen"},
{"title": "Coles Lime Soft Drink | 1.25L", "price": "$0.90", "price_calculation": "$0.72 per 1L", "category": "Drinks"},
{"title": "Ben & Jerry's Phish Food Ice Cream Tub | 458mL", "price": "$7.25", "price_calculation": "$1.58 per 100mL", "category": "Frozen"},
{"title": "Schweppes Blood Orange and Passionfruit Flavour Drink | 1.1L", "price": "$2.60", "price_calculation": "$2.36 per 1L", "category": "Drinks"},
{"title": "Sunraysia Organic Apple & Guava Juice Pouch | 200mL", "price": "$1.30", "price_calculation": "$6.50 per 1L", "category": "Drinks"},
{"title": "Dash Peach Sparkling Water 4x300mL | 4 pack", "price": "$7.10", "price_calculation": "$5.92 per 1L", "category": "Drinks"},
{"title": "Nescafe Caramel Slice Latte Coffee Sachets | 10 pack", "price": "$7.60", "price_calculation": "$0.76 per 1ea", "category": "Drinks"},
{"title": "Vittoria Espresso Decaffeinated Ground Coffee | 200g", "price": "$8.00", "price_calculation": "$4.00 per 100g", "category": "Drinks"},
{"title": "Bushells Classic Gourmet Instant Coffee | 200g", "price": "$8.50", "price_calculation": "$4.25 per 100g", "category": "Drinks"},
{"title": "Remedy Organic Kombucha Cherry Plum Multipack Cans 250mL | 4 pack", "price": "$8.75", "price_calculation": "$8.75 per 1L", "category": "Drinks"},
{"title": "Bean Ground & Drunk Organic Classic Medium Roast Fairtrade Coffee | 250g", "price": "$9.50", "price_calculation": "$3.80 per 100g", "category": "Drinks"},
{"title": "Starbucks Nescafe Dolce Gusto Capsules Caramel Macchiato | 12 pack", "price": "$10.00", "price_calculation": "$0.83 per 1ea", "category": "Drinks"},
{"title": "Nescafe 98% Sugar Free Mocha Sachets 14g | 26 pack", "price": "$11.00", "price_calculation": "$3.67 per 1ea", "category": "Drinks"},
{"title": "McGuigan Zero Dry Rose 750mL | 1 Each", "price": "$11.50", "price_calculation": "$15.33 per 1L", "category": "Drinks"},
{"title": "4 Pines Ultra Low Cans 4x375mL | 4 pack", "price": "$11.50", "price_calculation": "$7.67 per 1L", "category": "Drinks"},
{"title": "Moccona Cafe Classics Caramel Latte Sachets | 30 pack", "price": "$12.00", "price_calculation": "$0.40 per 1ea", "category": "Drinks"},
{"title": "Republica Organic South American Medium Roast Freeze Dried Instant Coffee | 100g", "price": "$12.00", "price_calculation": "$12.00 per 100g", "category": "Drinks"},
{"title": "Vittoria Italian Nespresso Compatible Coffee Capsules | 20 pack", "price": "$13.00", "price_calculation": "$0.65 per 1ea", "category": "Drinks"},
{"title": "T2 Lemongrass & Ginger Herbal Tea Bags 25 Pack | 50g", "price": "$14.00", "price_calculation": "$0.56 per 1ea", "category": "Drinks"},
{"title": "Heineken 0.0 Can 330mL | 6 pack", "price": null, "price_calculation": null, "category": "Drinks"},
{"title": "Sanpellegrino Natural Sparkling Cans 8x330mL | 8 pack", "price": "$14.50", "price_calculation": "$5.49 per 1L", "category": "Drinks"},
{"title": "Naked Life Non Alcoholic Cocktail Italian Spritz 4x250mL | 4 pack", "price": "$15.00", "price_calculation": "$15.00 per 1L", "category": "Drinks"},
{"title": "T2 Gorgeous Geisha Flavoured Green Tea Bags 25 pack | 50g", "price": "$17.00", "price_calculation": "$0.68 per 1ea", "category": "Drinks"},
{"title": "Lavazza Espresso Intenso Nespresso Compatible Coffee Pods | 30 pack", "price": "$17.00", "price_calculation": "$0.57 per 1ea", "category": "Drinks"},
{"title": "Daley Street Medium/Dark Roast Ground Coffee | 1kg", "price": "$20.00", "price_calculation": "$2.00 per 100g", "category": "Drinks"},
{"title": "L'Or Espresso Supremo Capsules | 40 pack", "price": "$22.00", "price_calculation": "$0.55 per 1ea", "category": "Drinks"},
{"title": "Gordons Zero Alcohol Gin 700mL | 1 each", "price": "$35.00", "price_calculation": "$50.00 per 1L", "category": "Drinks"},
{"title": "Grinders Organic Coffee Beans | 1kg", "price": "$37.00", "price_calculation": "$3.70 per 100g", "category": "Drinks"},
{"title": "Viva Raspberry Cordial | 1L", "price": "$2.20", "price_calculation": "$2.20 per 1L", "category": "Drinks"},
{"title": "Coles Earl Grey Tea Bags 50 Pack | 92.5g", "price": "$2.20", "price_calculation": "$0.04 per 1ea", "category": "Drinks"},
{"title": "Campbell's V8 Juice Tropical Fusion | 300mL", "price": "$2.30", "price_calculation": "$7.67 per 1L", "category": "Drinks"},
{"title": "Dilmah Wild Island Moringa With Gotukola- Turmeric & Black Pepper Relax Blend | 20 pack", "price": "$3.25", "price_calculation": "$0.16 per 1ea", "category": "Drinks"},
{"title": "Higher Living Organic Golden Turmeric Tea | 15 pack", "price": "$3.50", "price_calculation": "$0.23 per 1ea", "category": "Drinks"},
{"title": "Bushells Breakfast Tea Bags | 100 pack", "price": "$3.85", "price_calculation": "$0.04 per 1ea", "category": "Drinks"},
{"title": "Golden Circle Cordial Sarsaparilla Cordial | 2L", "price": "$3.90", "price_calculation": "$1.95 per 1L", "category": "Drinks"},
{"title": "Emma And Tom's Limited Edition | 350mL", "price": "$3.90", "price_calculation": "$11.14 per 1L", "category": "Drinks"},
{"title": "Capi Low Sugar Tonic Water | 750mL", "price": "$4.00", "price_calculation": null, "category": "Drinks"},
{"title": "Youfoodz You Juice Thanks A Melon | 350mL", "price": "$4.00", "price_calculation": "$11.43 per 1L", "category": "Drinks"},
{"title": "Madura Green Tea Bags 50 pack | 75g", "price": "$4.00", "price_calculation": "$0.08 per 1ea", "category": "Drinks"},
{"title": "Fever-Tree Premium Mixers Raspberrylight Tonic | 500mL", "price": "$4.40", "price_calculation": "$8.80 per 1L", "category": "Drinks"},
{"title": "Queen Victoria Tea Defend Blend Tea Bags | 18 pack", "price": "$4.50", "price_calculation": "$0.25 per 1ea", "category": "Drinks"},
{"title": "Nestle Coffee & Milk | 395g", "price": "$5.00", "price_calculation": "$1.27 per 100g", "category": "Drinks"},
{"title": "Avalanche 99% Sugar Free Salted Caramel Drinking Mix | 10 pack", "price": "$5.50", "price_calculation": "$0.55 per 1ea", "category": "Drinks"},
{"title": "Coles Urban Coffee Culture Dolce Gusto Ristretto Capsules | 16 pack", "price": "$6.50", "price_calculation": "$0.41 per 1ea", "category": "Drinks"},
{"title": "Nexba Kombucha lemon Crush 4X330mL | 4 pack", "price": "$6.90", "price_calculation": "$5.23 per 1L", "category": "Drinks"},
{"title": "Coles Malted Milk Drink | 500g", "price": "$7.00", "price_calculation": "$1.40 per 100g", "category": "Drinks"},
{"title": "Arkadia Vegan Chai Tea | 240g", "price": "$7.00", "price_calculation": "$2.92 per 100g", "category": "Drinks"},
{"title": "Nexba Crafted Soda Vintage Cola 4x250mL | 4 pack", "price": "$7.00", "price_calculation": "$7.00 per 1L", "category": "Drinks"},
{"title": "Nescafe Farmers Origin Colombia Ncc Capsules | 10 pack", "price": "$7.00", "price_calculation": "$0.70 per 1ea", "category": "Drinks"},
{"title": "Dash Raspberry Sparkling Water 4x300mL | 4 pack", "price": "$7.10", "price_calculation": "$5.92 per 1L", "category": "Drinks"},
{"title": "Dash Mango Sparkling Water 4x300mL | 4 pack", "price": "$7.10", "price_calculation": "$5.92 per 1L", "category": "Drinks"},
{"title": "Sodasmith Sparkling Water Passionfruit And Hibiscus 4X330mL | 4 pack", "price": "$7.50", "price_calculation": "$5.68 per 1L", "category": "Drinks"},
{"title": "Pukka Tea Peppermint & Licorice | 20 pack", "price": "$6.60", "price_calculation": "$0.33 per 1ea", "category": "Drinks"},
{"title": "Nestle Aero Hot Chocolate | 10 pack", "price": "$7.00", "price_calculation": "$0.70 per 1ea", "category": "Drinks"},
{"title": "Sodastream Pepsi Flavour Mix | 440mL", "price": "$7.00", "price_calculation": "$15.91 per 1L", "category": "Drinks"},
{"title": "T2 Tummy Tea | 10 pack", "price": "$7.00", "price_calculation": "$0.70 per 1ea", "category": "Drinks"},
{"title": "Nescafe 98% SF Latte Coffee Sachets | 10 pack", "price": "$7.60", "price_calculation": "$0.76 per 1ea", "category": "Drinks"},
{"title": "Nescafe 98% SF Mocha Coffee Sachets | 10 pack", "price": "$7.60", "price_calculation": "$0.76 per 1ea", "category": "Drinks"},
{"title": "Taylors Of Harrogate Yorkshire Gold Tea Bags | 100 pack", "price": "$8.00", "price_calculation": "$0.08 per 1ea", "category": "Drinks"},
{"title": "Chatime Original Milk Bubble Tea | 4 pack", "price": "$8.00", "price_calculation": "$2.00 per 1ea", "category": "Drinks"},
{"title": "Remedy Kombucha Pink Apple Organic Drink 4x330mL | 4 pack", "price": "$8.75", "price_calculation": "$8.75 per 1L", "category": "Drinks"},
{"title": "Pana Organics Hot Chocolate | 200g", "price": "$9.00", "price_calculation": "$4.50 per 100g", "category": "Drinks"},
{"title": "Republica Organic Capsules Paris | 20 pack", "price": "$9.50", "price_calculation": "$0.48 per 1ea", "category": "Drinks"},
{"title": "Robert Timms Decaffeinated Coffee Bags 105g | 18 pack", "price": "$10.00", "price_calculation": "$0.56 per 1ea", "category": "Drinks"},
{"title": "Edenvale Non Alcoholic Drink Sauvignon Blanc | 750mL", "price": "$10.50", "price_calculation": "$14.00 per 1L", "category": "Drinks"},
{"title": "Nescafe Green Blend Instant Coffee | 100g", "price": "$10.50", "price_calculation": "$10.50 per 100g", "category": "Drinks"},
{"title": "Lavazza Prontissimo Espresso Premium Instant Coffee | 95g", "price": "$11.00", "price_calculation": "$11.58 per 100g", "category": "Drinks"},
{"title": "Nescafe Flat White Coffee Sachets | 26 pack", "price": "$11.00", "price_calculation": "$0.42 per 1ea", "category": "Drinks"},
{"title": "McGuigan Zero Chardonnay 750mL | 1 Each", "price": "$11.50", "price_calculation": "$15.33 per 1L", "category": "Drinks"},
{"title": "The Juice Lab Wellness Multidose Shot Immunity | 350mL", "price": "$12.00", "price_calculation": "$34.29 per 1L", "category": "Drinks"},
{"title": "Vittoria Italian Blend Ground Coffee | 500g", "price": "$13.00", "price_calculation": "$2.60 per 100g", "category": "Drinks"},
{"title": "James Squire Zero Alc Bottles 6x345mL | 6 pack", "price": "$14.50", "price_calculation": "$7.00 per 1L", "category": "Drinks"},
{"title": "Moccona Classic Dark Roast Instant Coffee | 200g", "price": "$16.00", "price_calculation": "$8.00 per 100g", "category": "Drinks"},
{"title": "Moccona French Style Smooth & Rounded Instant Coffee | 200g", "price": "$16.00", "price_calculation": "$8.00 per 100g", "category": "Drinks"},
{"title": "Moccona Espresso Style Bold & Intense Instant Coffee | 200g", "price": "$16.00", "price_calculation": "$8.00 per 100g", "category": "Drinks"},
{"title": "Coles Pot Tea Bags 100 Pack | 185g", "price": "$1.90", "price_calculation": "$0.02 per 1ea", "category": "Drinks"},
{"title": "Coles Green Tea Bags 50 pack | 75g", "price": "$2.20", "price_calculation": "$0.04 per 1ea", "category": "Drinks"},
{"title": "Coles Peppermint Infusion Tea Bags | 50 pack", "price": "$2.20", "price_calculation": "$0.04 per 1ea", "category": "Drinks"},
{"title": "Campbell's V8 Breakfast Juice | 300mL", "price": "$2.30", "price_calculation": "$7.67 per 1L", "category": "Drinks"},
{"title": "Emma & Toms Kickstarter Pre Probiotic Juice | 350mL", "price": "$3.90", "price_calculation": "$11.14 per 1L", "category": "Drinks"},
{"title": "Coles Urban Coffee Culture Decaf Aluminium | 10 pack", "price": "$4.00", "price_calculation": "$0.40 per 1ea", "category": "Drinks"},
{"title": "Chicco D'Oro Premium Blend Delta Ground Coffee | 200g", "price": "$4.00", "price_calculation": "$2.00 per 100g", "category": "Drinks"},
{"title": "St Remio Coffee Expressi/Caffitaly Compatible Classic Capsules | 10 pack", "price": "$4.10", "price_calculation": "$0.41 per 1ea", "category": "Drinks"},
{"title": "Red Seal Raspberry & Lemon Hot Or Cold Brew Tea | 20 pack", "price": "$4.50", "price_calculation": "$0.23 per 1ea", "category": "Drinks"},
{"title": "Coles Urban Coffee Culture Organic Home Compostable Capsules | 10 pack", "price": "$4.50", "price_calculation": "$0.45 per 1ea", "category": "Drinks"},
{"title": "Pureharvest Organic Apple Juice Bottle | 1L", "price": "$4.50", "price_calculation": "$4.50 per 1L", "category": "Drinks"},
{"title": "Bickfords Cordial Pineapple & Lime | 750mL", "price": "$3.04", "price_calculation": "$4.05 per 1L", "category": "Drinks"},
{"title": "H2aloe Aloe Vera Water Pure | 1L", "price": "$4.60", "price_calculation": "$4.60 per 1L", "category": "Drinks"},
{"title": "Campbell's V8 Smoothie Tropical Juice | 1.25L", "price": "$4.80", "price_calculation": "$3.84 per 1L", "category": "Drinks"},
{"title": "Caffe Aurora Espressotoria Italian Coffee Capsules | 12 pack", "price": "$5.00", "price_calculation": "$0.42 per 1ea", "category": "Drinks"},
{"title": "Sodastream Classic Ginger Beer Syrup | 440mL", "price": "$5.00", "price_calculation": "$11.36 per 1L", "category": "Drinks"},
{"title": "Coles Tropical Smoothie | 1L", "price": "$5.10", "price_calculation": "$5.10 per 1L", "category": "Drinks"},
{"title": "Avalanche 99% Sugar Free Toffee Drinking Mix | 10 pack", "price": "$5.50", "price_calculation": "$0.55 per 1ea", "category": "Drinks"},
{"title": "Bushells Coffee & Chicory Essence | 250mL", "price": "$6.00", "price_calculation": "$2.40 per 100mL", "category": "Drinks"},
{"title": "Fever-Tree Premium Mixers Light Meditteranean Tonic 4x200mL | 4 pack", "price": "$6.50", "price_calculation": "$8.13 per 1L", "category": "Drinks"},
{"title": "Madame Flavour Luscious Licorice Tisane Tea Bags 18 Pack | 36g", "price": "$7.00", "price_calculation": "$0.39 per 1ea", "category": "Drinks"},
{"title": "T2 Detox Tea | 10 pack", "price": "$7.00", "price_calculation": "$0.70 per 1ea", "category": "Drinks"},
{"title": "T2 Wakey Wakey | 10 pack", "price": "$7.00", "price_calculation": "$0.70 per 1ea", "category": "Drinks"},
{"title": "Nexba Crafted Soda Lemon 4x250mL | 4 pack", "price": "$7.00", "price_calculation": "$7.00 per 1L", "category": "Drinks"},
{"title": "Cadbury Flake Chocolate Sharepack | 168g", "price": "$3.50", "price_calculation": "$2.08 per 100g", "category": "Pantry"},
{"title": "Tom Piper Vegetable Sausage | 400g", "price": "$3.60", "price_calculation": "$9.00 per 1kg", "category": "Pantry"},
{"title": "Whispers Shiraz 750mL | 1 Each", "price": "$5.00", "price_calculation": "$6.67 per 1L", "category": "Liquor"},
{"title": "White Wings Cookies And Cream Layer | 250g", "price": "$3.60", "price_calculation": "$1.44 per 100g", "category": "Pantry"},
{"title": "Henninger Lager Can 500mL | 4 Pack", "price": "$14.00", "price_calculation": "$7.00 per 1L", "category": "Liquor"},
{"title": "The Spice Tailor Malabar Curry Paste | 125g", "price": "$3.80", "price_calculation": "$3.04 per 100g", "category": "Pantry"},
{"title": "Wild Turkey American Honey Liqueur 700mL | 1 Each", "price": "$48.00", "price_calculation": "$68.57 per 1L", "category": "Liquor"},
{"title": "Maggi Recipe Base Smoky BBQ Bowls | 150g", "price": "$3.99", "price_calculation": "$2.66 per 100g", "category": "Pantry"},
{"title": "Canadian Club Dry Can 375mL | 10 pack", "price": "$47.00", "price_calculation": "$12.53 per 1L", "category": "Liquor"},
{"title": "Ayam Malaysian Paste Nasi Goreng | 185g", "price": null, "price_calculation": null, "category": "Pantry"},
{"title": "Wolf Blass Red Label Shiraz Cabernet 750mL | 1 Each", "price": "$7.00", "price_calculation": "$9.33 per 1L", "category": "Liquor"},
{"title": "Ceres Litchi Sensation Fruit Juice | 1L", "price": "$4.00", "price_calculation": "$4.00 per 1L", "category": "Pantry"},
{"title": "Jim Beam White Double Serve 6.7% Can 375mL | 10 Pack", "price": "$48.00", "price_calculation": "$12.80 per 1L", "category": "Liquor"},
{"title": "Chiquillin Smoked Paprika | 75g", "price": "$4.00", "price_calculation": "$5.33 per 100g", "category": "Pantry"},
{"title": "Veuve Clicquot Yellow Label Brut NV 750mL | 1 Each", "price": "$82.00", "price_calculation": null, "category": "Liquor"},
{"title": "Coles Premium Garlic Sauce | 200mL", "price": "$4.00", "price_calculation": "$2.00 per 100mL", "category": "Pantry"},
{"title": "High Commissioner Blended Scotch Whisky 700mL | 1 Each", "price": "$42.00", "price_calculation": "$60.00 per 1L", "category": "Liquor"},
{"title": "Campbell's Real Stock Flavour Boost Garlic & Rosemary | 250mL", "price": "$4.00", "price_calculation": "$1.60 per 100mL", "category": "Pantry"},
{"title": "Jim Beam White & Cola Can 375mL | 10 Pack", "price": "$47.00", "price_calculation": "$12.53 per 1L", "category": "Liquor"},
{"title": "Campbell's Real Stock Flavour Boost Red Wine Tomato & Basil | 250mL", "price": "$4.00", "price_calculation": "$1.60 per 100mL", "category": "Pantry"},
{"title": "Jack Daniels American Serve & Cola 250mL | 4 Pack", "price": "$33.00", "price_calculation": "$33.00 per 1L", "category": "Liquor"},
{"title": "Mamee Monster Noodle Snack Chicken 200g | 8 pack", "price": "$4.00", "price_calculation": "$2.00 per 100g", "category": "Pantry"},
{"title": "Banrock Station Moscato 750mL | 1 Each", "price": "$9.00", "price_calculation": "$12.00 per 1L", "category": "Liquor"},
{"title": "MasterFoods Wholegrain Mustard | 175g", "price": "$4.00", "price_calculation": "$2.29 per 100g", "category": "Pantry"},
{"title": "Winton Road Barossa Cabernet Sauvignon 750mL | 1 Each", "price": "$20.00", "price_calculation": "$26.67 per 1L", "category": "Liquor"},
{"title": "Queen Colour & Flavour For Icing Salted Caramel | 40g", "price": "$4.00", "price_calculation": "$10.00 per 100g", "category": "Pantry"},
{"title": "Wynns Coonawarra Shiraz 750mL | 1 Each", "price": "$14.00", "price_calculation": "$18.67 per 1L", "category": "Liquor"},
{"title": "Coles Natures Kitchen Italian Style Meat-Free Mince | 100g", "price": "$4.00", "price_calculation": "$4.00 per 100g", "category": "Pantry"},
{"title": "Victoria Bitter Can 375mL | 24 Pack", "price": "$55.00", "price_calculation": "$0.61 per 100mL", "category": "Liquor"},
{"title": "Cookie Time Original Chocolate Chunk Cookie | 85g", "price": "$4.05", "price_calculation": "$4.76 per 100g", "category": "Pantry"},
{"title": "-196 Double Grape 6% Can 330mL | 4 Pack", "price": "$24.00", "price_calculation": "$18.18 per 1L", "category": "Liquor"},
{"title": "Le Conserve Della Nonna Lampomodoro Pasta Sauce | 700g", "price": "$4.20", "price_calculation": "$0.60 per 100g", "category": "Pantry"},
{"title": "Jacob's Creek Shiraz 750mL | 1 Each", "price": "$10.00", "price_calculation": "$13.33 per 1L", "category": "Liquor"},
{"title": "Orgran Gluten Free Multigrain Quinoa Wafer Crackers | 100g", "price": "$4.20", "price_calculation": "$4.20 per 100g", "category": "Pantry"},
{"title": "Tooheys Extra Dry Block Can 375mL | 30 Pack", "price": "$56.00", "price_calculation": null, "category": "Liquor"},
{"title": "Leggo's Organic Tomato Paste 2 Pack | 280g", "price": "$4.20", "price_calculation": "$1.50 per 100g", "category": "Pantry"},
{"title": "Vodka O 700mL | 1 Each", "price": null, "price_calculation": null, "category": "Liquor"},
{"title": "Coles Dried Cherries | 130g", "price": "$4.20", "price_calculation": "$32.31 per 1kg", "category": "Pantry"},
{"title": "Jacob's Creek Double Barrel Shiraz 750mL | 1 Each", "price": "$25.00", "price_calculation": "$33.33 per 1L", "category": "Liquor"},
{"title": "John West Spanish Mussels Galician Sauce | 110g", "price": "$4.30", "price_calculation": "$39.09 per 1kg", "category": "Pantry"},
{"title": "Skyy Vodka 700mL | 1 Each", "price": "$44.00", "price_calculation": "$62.86 per 1L", "category": "Liquor"},
{"title": "Chuan Bei Sweet Potato Noodles Hot Pot Flavour | 138g", "price": "$4.30", "price_calculation": "$3.12 per 100g", "category": "Pantry"},
{"title": "Gordons Pink Gin RTD Bottle 330mL | 4 Pack", "price": "$24.00", "price_calculation": "$18.18 per 1L", "category": "Liquor"},
{"title": "Colman's Horseradish Sauce | 136g", "price": "$4.40", "price_calculation": "$3.24 per 100g", "category": "Pantry"},
{"title": "Jim Beam Double Serve Can 375mL | 6 Pack", "price": "$34.00", "price_calculation": "$15.11 per 1L", "category": "Liquor"},
{"title": "Cocon Nata In Syrup Lychee | 775g", "price": "$4.40", "price_calculation": "$0.57 per 100g", "category": "Pantry"},
{"title": "De Bortoli Premium Sem Sauv Blanc Cask 4 Litre | 1 Each", "price": "$22.00", "price_calculation": "$5.50 per 1L", "category": "Liquor"},
{"title": "Heinz Classic Italian Minestrone Soup Can | 535g", "price": "$4.40", "price_calculation": "$0.82 per 100g", "category": "Pantry"},
{"title": "Penfolds Max'S Shiraz 750mL | 1 Each", "price": "$25.00", "price_calculation": "$3.33 per 100mL", "category": "Liquor"},
{"title": "Blue Bird Original Green Onion Cut Chips | 150g", "price": "$4.45", "price_calculation": "$2.97 per 100g", "category": "Pantry"},
{"title": "Jack Daniels Gentleman Jack & Cola Bottle 330mL | 4 Pack", "price": "$27.00", "price_calculation": null, "category": "Liquor"},
{"title": "Harvest Vegetables & Steak | 425g", "price": "$4.50", "price_calculation": "$10.59 per 1kg", "category": "Pantry"},
{"title": "Brookvale Union Vodka Lemon Lime Bitters Can 330mL | 6 Pack", "price": "$25.00", "price_calculation": "$12.63 per 1L", "category": "Liquor"},
{"title": "Hospitality Graham Cracker Pie Crust | 170g", "price": "$4.50", "price_calculation": "$2.65 per 100g", "category": "Pantry"},
{"title": "Gordons Gin 700mL | 1 Each", "price": "$44.00", "price_calculation": "$62.86 per 1L", "category": "Liquor"},
{"title": "Sun Swallow Chrysanthemum Flower | 50g", "price": "$4.50", "price_calculation": "$9.00 per 100g", "category": "Pantry"},
{"title": "Yarra Burn YB Prosecco 750mL | 1 Each", "price": "$7.00", "price_calculation": "$9.33 per 1L", "category": "Liquor"},
{"title": "Lotus Peak Bubble Tea Brown Sugar | 490mL", "price": "$4.50", "price_calculation": "$0.92 per 100mL", "category": "Pantry"},
{"title": "Lindemans Bin 65 Chardonnay 750mL | 1 Each", "price": "$8.00", "price_calculation": "$10.67 per 1L", "category": "Liquor"},
{"title": "Goulburn Valley Orchard Splash Peach & Pineapple 2x160g | 320g", "price": "$4.50", "price_calculation": "$14.06 per 1kg", "category": "Pantry"},
{"title": "Yellow Tail Pink Bubbles 750mL | 1 Each", "price": "$10.00", "price_calculation": "$13.33 per 1L", "category": "Liquor"},
{"title": "Goulburn Valley Orchard Splash Peaches | 320g", "price": "$4.50", "price_calculation": "$14.06 per 1kg", "category": "Pantry"},
{"title": "Pensilva Pinot Noir 750mL | 1 Each", "price": "$20.00", "price_calculation": "$26.67 per 1L", "category": "Liquor"},
{"title": "Buddee Crunchy Spread | 270g", "price": "$4.50", "price_calculation": "$1.67 per 100g", "category": "Pantry"},
{"title": "Penfolds Koonunga Hill Shiraz 750mL | 1 Each", "price": "$14.00", "price_calculation": "$18.67 per 1L", "category": "Liquor"},
{"title": "Coles 90 Calorie Fibre Bakes Peanut Butter 5 Pack | 120g", "price": "$4.50", "price_calculation": "$3.75 per 100g", "category": "Pantry"},
{"title": "Hardys VR Semillon Sauvignon Blanc 1L | 1 Each", "price": "$8.00", "price_calculation": "$8.00 per 1L", "category": "Liquor"},
{"title": "Coles 90 Calorie Fibre Bakes Blueberry 5 Pack | 120g", "price": "$4.50", "price_calculation": "$3.75 per 100g", "category": "Pantry"},
{"title": "Berri Fresh Dry White Cask 5L | 1 Each", "price": "$22.00", "price_calculation": "$4.40 per 1L", "category": "Liquor"},
{"title": "Muscle Nation Custard Plant Protein Bar Choc Peanut Butter | 50g", "price": null, "price_calculation": null, "category": "Pantry"},
{"title": "Mildara Limestone Coast Cabernet Sauvignon 750mL | 1 Each", "price": "$24.00", "price_calculation": "$32.00 per 1L", "category": "Liquor"},
{"title": "Carmans Sourdough Crackers Three Seed | 140g", "price": "$4.50", "price_calculation": "$3.21 per 100g", "category": "Pantry"},
{"title": "Tangled Vine Crisp Dry White Cask 4Litre | 1 Each", "price": "$14.00", "price_calculation": "$3.50 per 1L", "category": "Liquor"},
{"title": "Bob Snail Fruit Roll Snack Apple Strawberry | 60g", "price": "$4.50", "price_calculation": "$7.50 per 100g", "category": "Pantry"},
{"title": "Sensi Prosecco DOC 18K Gold 750mL | 1 Each", "price": "$20.00", "price_calculation": "$26.67 per 1L", "category": "Liquor"},
{"title": "Bob Snail Fruit Roll Snack Apple Raspberry | 60g", "price": "$4.50", "price_calculation": "$7.50 per 100g", "category": "Pantry"},
{"title": "Wild Turkey & Cola 101 Can 375mL | 4 Pack", "price": "$32.00", "price_calculation": "$21.33 per 1L", "category": "Liquor"},
{"title": "Bob Snail Fruit Roll Mango | 60g", "price": "$4.50", "price_calculation": "$7.50 per 100g", "category": "Pantry"},
{"title": "Tooheys Extra Dry Bottle 345mL | 6 Pack", "price": "$15.00", "price_calculation": "$7.25 per 1L", "category": "Liquor"},
{"title": "Pana Organic Dark Choc Peanut Caramel Snack Bar | 40g", "price": null, "price_calculation": null, "category": "Pantry"},
{"title": "Pana Organic Dark Choc Cherry Coconut Snack Bar | 40g", "price": null, "price_calculation": null, "category": "Pantry"},
{"title": "Pana Organic Dark Choc Hazelnut Snack Bar | 40g", "price": null, "price_calculation": null, "category": "Pantry"},
{"title": "Vege Fusions Asian Corn Crisps | 60g", "price": null, "price_calculation": null, "category": "Pantry"},
{"title": "Vege Fusions Asian Vege Crisps | 60g", "price": null, "price_calculation": null, "category": "Pantry"},
{"title": "Absolut Vodka 200mL | 1 Each", "price": "$17.00", "price_calculation": "$85.00 per 1L", "category": "Liquor"},
{"title": "Bundaberg UP Rum 700mL | 1 Each", "price": "$45.00", "price_calculation": "$64.29 per 1L", "category": "Liquor"},
{"title": "BLCK Vodka 700mL | 1 Each", "price": "$40.00", "price_calculation": "$57.14 per 1L", "category": "Liquor"},
{"title": "James Squire Ginger Beer Can 330mL | 6 pack", "price": "$21.00", "price_calculation": null, "category": "Liquor"},
{"title": "Bundaberg UP Rum 1L | 1 Each", "price": "$62.00", "price_calculation": "$62.00 per 1L", "category": "Liquor"},
{"title": "Whispers Strawberry Spumante 750mL | 1 Each", "price": "$5.00", "price_calculation": "$0.67 per 100mL", "category": "Liquor"},
{"title": "Jameson Irish Whiskey 1L | 1 Each", "price": "$72.00", "price_calculation": "$72.00 per 1L", "category": "Liquor"},
{"title": "Dairylea Burger Cheese Slices | 250g", "price": "$5.00", "price_calculation": "$20.00 per 1kg", "category": "Dairy, Eggs & Fridge"},
{"title": "De Bortoli Sacred Hill Semillon Sauv Blanc 750mL | 1 Each", "price": "$5.50", "price_calculation": "$7.33 per 1L", "category": "Liquor"},
{"title": "Sunny Queen Organic Free Range Large Eggs 6 pack | 300g", "price": "$6.50", "price_calculation": "$2.17 per 100g", "category": "Dairy, Eggs & Fridge"},
{"title": "Hidden Gem Chardonnay 750mL | 1 Each", "price": "$4.00", "price_calculation": "$5.33 per 1L", "category": "Liquor"},
{"title": "Yumi's Dip Hommus Traditional | 1kg", "price": "$8.00", "price_calculation": "$0.80 per 100g", "category": "Dairy, Eggs & Fridge"},
{"title": "Glad Extra Large Wavetop Kitchen Tidy Bags | 20 pack", "price": "$4.25", "price_calculation": "$0.21 per 1ea", "category": "Household"},
{"title": "Vodka Cruiser Mixed 275mL | 10 Pack", "price": "$37.00", "price_calculation": "$1.35 per 100mL", "category": "Liquor"},
{"title": "YoPro Yoghurt Pouch Vanilla | 150g", "price": "$3.00", "price_calculation": "$2.00 per 100g", "category": "Dairy, Eggs & Fridge"},
{"title": "Wet Ones Antibacterial Hand Wipes Be Fresh | 80 pack", "price": "$5.40", "price_calculation": "$6.75 per 100ea", "category": "Household"},
{"title": "-196 Double Lemon & Vodka Can 330ml | 10 Pack", "price": "$49.00", "price_calculation": "$14.85 per 1L", "category": "Liquor"},
{"title": "Danone YoPro Pouch Mango | 150g", "price": "$3.00", "price_calculation": "$2.00 per 100g", "category": "Dairy, Eggs & Fridge"},
{"title": "Windex Multi Surface & Glass Cleaner Trigger Spray | 750mL", "price": "$5.70", "price_calculation": "$0.76 per 100mL", "category": "Household"},
{"title": "Lachlan Ridge Chardonnay Cask 2Litre | 1 Each", "price": "$8.00", "price_calculation": "$4.00 per 1L", "category": "Liquor"},
{"title": "Don Mild Hungarian Salami | 160g", "price": "$3.20", "price_calculation": "$20.00 per 1kg", "category": "Dairy, Eggs & Fridge"},
{"title": "Multix Non-Stick Baking & Cooking Paper 50m x 30cm | 50m", "price": "$12.00", "price_calculation": "$0.24 per 1M", "category": "Household"},
{"title": "Yellow Tail Shiraz 750mL | 1 Each", "price": "$10.00", "price_calculation": "$13.33 per 1L", "category": "Liquor"},
{"title": "Sanitarium So Good Unsweetened Almond Milk | 1L", "price": "$3.30", "price_calculation": "$3.30 per 1L", "category": "Dairy, Eggs & Fridge"},
{"title": "Biozet Attack Liquid Plus Eliminator | 2L", "price": "$26.00", "price_calculation": "$13.00 per 1L", "category": "Household"},
{"title": "Johnnie Walker Black Label 12YO Scotch Whisky 700mL | 1 Each", "price": "$55.00", "price_calculation": "$78.57 per 1L", "category": "Liquor"},
{"title": "Yumi's Classic Dip Avocado | 200g", "price": "$3.50", "price_calculation": "$1.75 per 100g", "category": "Dairy, Eggs & Fridge"},
{"title": "Duracell Coppertop AA Batteries | 16 pack", "price": "$27.50", "price_calculation": "$1.72 per 1ea", "category": "Household"},
{"title": "Carlton Draught Bottle 375mL | 24 Pack", "price": "$53.00", "price_calculation": "$5.89 per 1L", "category": "Liquor"},
{"title": "Great Ocean Road Fresh Skim Milk | 2L", "price": "$4.70", "price_calculation": "$2.35 per 1L", "category": "Dairy, Eggs & Fridge"},
{"title": "Straten Small Cups 250mL | 20 pack", "price": "$2.25", "price_calculation": "$0.11 per 1ea", "category": "Household"},
{"title": "Carlton Mid Block Can 375mL | 30 Pack", "price": "$52.00", "price_calculation": "$0.46 per 100mL", "category": "Liquor"},
{"title": "Yoplait Zero Berry Harvest Yoghurt 6x160g | 960g", "price": "$6.00", "price_calculation": "$0.63 per 100g", "category": "Dairy, Eggs & Fridge"},
{"title": "Hercules Clickzip Snack Bags Small 15cm x 10cm | 40 pack", "price": "$2.35", "price_calculation": "$0.06 per 1ea", "category": "Household"},
{"title": "Parson's Paddock Cabernet Sauvignon 750mL | 1 Each", "price": "$8.00", "price_calculation": "$10.67 per 1L", "category": "Liquor"},
{"title": "Latina Fresh Beef Ravioli | 625g", "price": "$8.50", "price_calculation": "$1.36 per 100g", "category": "Dairy, Eggs & Fridge"},
{"title": "Hercules Twinzip Storage Bags Large 27cm x 33cm | 15 pack", "price": "$3.50", "price_calculation": "$0.23 per 1ea", "category": "Household"},
{"title": "Cleanskin Big & Bold SEA Shiraz 750mL | 1 Each", "price": "$5.50", "price_calculation": "$7.33 per 1L", "category": "Liquor"},
{"title": "Coles Organic Soy Milk | 1L", "price": "$1.60", "price_calculation": "$1.60 per 1L", "category": "Dairy, Eggs & Fridge"},
{"title": "Bref Ultimate Gel Anti Stain Technology | 600mL", "price": "$3.50", "price_calculation": "$0.58 per 100mL", "category": "Household"},
{"title": "Tussock Jumper Pinot Grigio 750mL | 1 Each", "price": "$10.00", "price_calculation": "$13.33 per 1L", "category": "Liquor"},
{"title": "Chobani Greek Yogurt Raspberry | 160g", "price": "$2.00", "price_calculation": "$1.25 per 100g", "category": "Dairy, Eggs & Fridge"},
{"title": "Ajax Spray N Wipe Kitchen Stone Safe Cleaner Trigger Pack | 500mL", "price": "$3.50", "price_calculation": "$0.70 per 100mL", "category": "Household"},
{"title": "Jamiesons Run Grazier Sem Sauv Blanc 750mL | 1 Each", "price": "$6.00", "price_calculation": "$8.00 per 1L", "category": "Liquor"},
{"title": "Dairy Farmers Thick & Creamy Classic Vanilla Yoghurt | 150g", "price": "$2.50", "price_calculation": "$1.67 per 100g", "category": "Dairy, Eggs & Fridge"},
{"title": "Chux Non Scratch Scourer Scrub | 6 pack", "price": "$4.50", "price_calculation": "$0.75 per 1ea", "category": "Household"},
{"title": "Great Northern Super Crisp Lager Can 375mL | 8 Pack", "price": "$23.00", "price_calculation": "$7.67 per 1L", "category": "Liquor"},
{"title": "Chobani Raspberry Yoghurt Pouch | 140g", "price": "$2.50", "price_calculation": "$1.79 per 100g", "category": "Dairy, Eggs & Fridge"},
{"title": "Fairy Handwash Lemon | 800mL", "price": "$5.50", "price_calculation": "$0.69 per 100mL", "category": "Household"},
{"title": "Hahn Super Dry Bottle 330mL | 6 Pack", "price": "$15.00", "price_calculation": "$0.76 per 100mL", "category": "Liquor"},
{"title": "Coles Spreadable Light Cream Cheese Tub | 250g", "price": "$3.10", "price_calculation": "$12.40 per 1kg", "category": "Dairy, Eggs & Fridge"},
{"title": "Domestos Disinfectant Bleach Toilet Cleaner Mountain Fresh | 1.25L", "price": "$6.60", "price_calculation": "$0.53 per 100mL", "category": "Household"},
{"title": "B Francois Brut NV 750mL | 1 Each", "price": "$15.00", "price_calculation": "$20.00 per 1L", "category": "Liquor"},
{"title": "Coles Australian Tasty Cheese Slices 12 Pack | 250g", "price": "$5.00", "price_calculation": "$20.00 per 1kg", "category": "Dairy, Eggs & Fridge"},
{"title": "Multix Bake Non Stick 30m x 30cm | 1 pack", "price": "$8.50", "price_calculation": "$0.28 per 1M", "category": "Household"},
{"title": "Balter XPA Can 375mL | 4 Pack", "price": "$19.00", "price_calculation": "$1.27 per 100mL", "category": "Liquor"},
{"title": "Gippsland Dairy Toffee & Honeycomb Twist Yoghurt | 700g", "price": "$5.00", "price_calculation": "$0.71 per 100g", "category": "Dairy, Eggs & Fridge"},
{"title": "Magazine Better Homes & Gardens | 1 each", "price": "$8.99", "price_calculation": null, "category": "Household"},
{"title": "Zilzie Bulloak Rose 750mL | 1 Each", "price": "$6.00", "price_calculation": null, "category": "Liquor"},
{"title": "Farmers Union Iced Coffee | 2L", "price": "$5.00", "price_calculation": "$2.50 per 1L", "category": "Dairy, Eggs & Fridge"},
{"title": "Glen 20 Disinfectant Citrus Breeze Spray | 300g", "price": "$9.50", "price_calculation": "$3.17 per 100g", "category": "Household"},
{"title": "Somersby Apple Cider Can 375mL | 10 Pack", "price": "$22.00", "price_calculation": null, "category": "Liquor"},
{"title": "Gippsland Dairy Passionfruit Twist Yoghurt | 700g", "price": "$5.00", "price_calculation": "$0.71 per 100g", "category": "Dairy, Eggs & Fridge"},
{"title": "Glad Cling Wrap 150m x 33cm | 150m", "price": "$10.50", "price_calculation": "$0.07 per 1M", "category": "Household"},
{"title": "Villa Maria Private Bin Sauvignon Blanc 750mL | 1 Each", "price": "$15.00", "price_calculation": "$20.00 per 1L", "category": "Liquor"},
{"title": "Coles Yoghurt High Protein | 900g", "price": "$6.20", "price_calculation": "$0.69 per 100g", "category": "Dairy, Eggs & Fridge"},
{"title": "Radiant Whites Or Colours Laundry Powder Washing Detergent | 1kg", "price": "$11.00", "price_calculation": "$11.00 per 1kg", "category": "Household"},
{"title": "Woodstock Bourbon & Cola 10% Can 200mL | 4 Pack", "price": "$23.00", "price_calculation": "$28.75 per 1L", "category": "Liquor"},
{"title": "Dairylea Original Cheese Slices 24 Pack | 432g", "price": "$7.50", "price_calculation": "$17.36 per 1kg", "category": "Dairy, Eggs & Fridge"},
{"title": "Geelong Brush Upright Dustpan | 1 each", "price": "$12.00", "price_calculation": "$12.00 per 1ea", "category": "Household"},
{"title": "Yellowglen NV Pink 750mL | 1 Each", "price": "$9.00", "price_calculation": "$12.00 per 1L", "category": "Liquor"},
{"title": "Pauls Zymil Lactose Free Skim Milk | 1L", "price": "$3.90", "price_calculation": "$3.90 per 1L", "category": "Dairy, Eggs & Fridge"},
{"title": "Fluffy Concentrate Liquid Fabric Softener Conditioner Divine Blends Warm Vanilla & Creamy Coconut | 1.9L", "price": "$15.00", "price_calculation": "$7.89 per 1L", "category": "Household"},
{"title": "Hardys VR Cabernet Sauvignon 1L | 1 Each", "price": "$8.00", "price_calculation": "$8.00 per 1L", "category": "Liquor"},
{"title": "Coles Kitchen Chicken & Mayo Sandwich | 123g", "price": "$4.80", "price_calculation": "$3.90 per 100g", "category": "Dairy, Eggs & Fridge"},
{"title": "Biozet Attack Liquid Plus Softener | 2L", "price": "$26.00", "price_calculation": "$13.00 per 1L", "category": "Household"},
{"title": "Lachlan Ridge Shiraz 2L | 1 Each", "price": "$8.00", "price_calculation": "$4.00 per 1L", "category": "Liquor"},
{"title": "Latina Fresh Lasagne Sheets 8 Pack | 375g", "price": "$6.00", "price_calculation": "$1.60 per 100g", "category": "Dairy, Eggs & Fridge"},
{"title": "Coles Greaseproof Paper 30m | 1 each", "price": "$2.00", "price_calculation": "$2.00 per 1ea", "category": "Household"},
{"title": "Grant's Triple Wood Scotch Whisky 700mL | 1 Each", "price": "$44.00", "price_calculation": "$62.86 per 1L", "category": "Liquor"},
{"title": "Tasmanian Heritage Double Brie | 250g", "price": "$10.00", "price_calculation": "$40.00 per 1kg", "category": "Dairy, Eggs & Fridge"},
{"title": "Multix Greener Plant Based Cling wrap 20m | 1 pack", "price": "$3.25", "price_calculation": "$0.16 per 1M", "category": "Household"},
{"title": "Carlton Dry Can 375mL | 24 Pack", "price": "$48.00", "price_calculation": "$5.33 per 1L", "category": "Liquor"},
{"title": "Fantastic Hokkien Noodles | 450g", "price": "$2.30", "price_calculation": "$0.51 per 100g", "category": "Dairy, Eggs & Fridge"},
{"title": "Harpic Citrus White & Shine Bleach Gel | 450mL", "price": "$3.50", "price_calculation": "$0.78 per 100mL", "category": "Household"},
{"title": "Vodka Cruiser Double Guava Can 375mL | 4 Pack", "price": "$25.00", "price_calculation": "$16.67 per 1L", "category": "Liquor"},
{"title": "Tamar Valley Kids Greek Vanilla Yoghurt Pouch | 110g", "price": "$2.40", "price_calculation": "$2.18 per 100g", "category": "Dairy, Eggs & Fridge"},
{"title": "Chux Non Scratch Scourer Sponge | 2 pack", "price": "$3.50", "price_calculation": "$1.75 per 1ea", "category": "Household"},
{"title": "Wirra Wirra McLaren Vale Vineyards Shiraz 750mL | 1 Each", "price": "$25.00", "price_calculation": "$33.33 per 1L", "category": "Liquor"},
{"title": "Thomson's Deli Thin Franks | 500g", "price": "$2.50", "price_calculation": "$5.00 per 1kg", "category": "Dairy, Eggs & Fridge"},
{"title": "Glad To Be Green Recycled Kitchen Tidy Bags Small | 34 pack", "price": "$4.00", "price_calculation": null, "category": "Household"},
{"title": "Canadian Club Whisky 1L | 1 Each", "price": "$61.00", "price_calculation": "$61.00 per 1L", "category": "Liquor"},
{"title": "Coles Dairy French Onion Dip | 200g", "price": "$2.50", "price_calculation": "$1.25 per 100g", "category": "Dairy, Eggs & Fridge"},
{"title": "Wet Ones Be Gentle Anti-Bacterial Hand & Face Wipes | 40 pack", "price": "$4.40", "price_calculation": "$0.11 per 1ea", "category": "Household"},
{"title": "Brown Brothers Moscato Rosa 750mL | 1 Each", "price": "$16.00", "price_calculation": "$21.33 per 1L", "category": "Liquor"},
{"title": "Big M Strawberry Flavoured Milk | 600mL", "price": "$2.90", "price_calculation": "$4.83 per 1L", "category": "Dairy, Eggs & Fridge"},
{"title": "Pine O Cleen Gold 7 In 1 Washing Machine Cleaner | 250mL", "price": "$5.00", "price_calculation": "$20.00 per 1L", "category": "Household"},
{"title": "Bundaberg UP & Cola Can 375mL | 6 Pack", "price": "$34.50", "price_calculation": "$1.53 per 100mL", "category": "Liquor"},
{"title": "Danone YoPro Blueberry Yoghurt | 160g", "price": "$3.00", "price_calculation": "$1.88 per 100g", "category": "Dairy, Eggs & Fridge"},
{"title": "Ambi Pur Febreze Anti Bacterial Fabric Freshener | 370mL", "price": "$6.50", "price_calculation": "$17.57 per 1L", "category": "Household"},
{"title": "Hardys VR Shiraz 1L | 1 Each", "price": "$8.00", "price_calculation": "$8.00 per 1L", "category": "Liquor"},
{"title": "Pauls Physical High Calcium Reduced Fat Milk Carton | 1L", "price": "$3.60", "price_calculation": "$3.60 per 1L", "category": "Dairy, Eggs & Fridge"},
{"title": "Bic Mega Lighters | 2 pack", "price": "$10.15", "price_calculation": "$5.08 per 1ea", "category": "Household"},
{"title": "Pensilva Cabernet Sauvignon 750mL | 1 Each", "price": "$20.00", "price_calculation": "$26.67 per 1L", "category": "Liquor"},
{"title": "Flora Margarine Spread Original | 500g", "price": "$5.25", "price_calculation": "$1.05 per 100g", "category": "Dairy, Eggs & Fridge"},
{"title": "Fab Sunshine Fresh Top & Front Loader Laundry Powder | 4kg", "price": "$14.50", "price_calculation": "$3.63 per 1kg", "category": "Household"},
{"title": "Absolut Vodka 1L | 1 Each", "price": "$68.00", "price_calculation": "$68.00 per 1L", "category": "Liquor"},
{"title": "Chobani Greek Yogurt Vanilla | 907g", "price": "$6.30", "price_calculation": "$0.69 per 100g", "category": "Dairy, Eggs & Fridge"},
{"title": "Dettol Laundry Sanitiser Eucalyptus | 1.5L", "price": "$17.00", "price_calculation": "$11.33 per 1L", "category": "Household"},
{"title": "Wolf Blass Red Label Reserve Tawny 750mL | 1 Each", "price": "$7.00", "price_calculation": "$9.33 per 1L", "category": "Liquor"},
{"title": "Pauls Kids Vanilla Yoghurt | 70g", "price": "$1.15", "price_calculation": "$1.64 per 100g", "category": "Dairy, Eggs & Fridge"},
{"title": "Biozet Attack Powder Plus Softener | 2kg", "price": "$26.00", "price_calculation": "$13.00 per 1kg", "category": "Household"},
{"title": "Chobani Greek Yogurt Blueberry | 160g", "price": "$2.00", "price_calculation": "$1.25 per 100g", "category": "Dairy, Eggs & Fridge"},
{"title": "Ajax Disinfectant Cleanse Lemon | 500mL", "price": "$2.50", "price_calculation": "$0.50 per 100mL", "category": "Household"},
{"title": "Sanitarium So Good Long Life No Added Sugar Oat Milk | 1L", "price": "$2.80", "price_calculation": "$2.80 per 1L", "category": "Dairy, Eggs & Fridge"},
{"title": "Coles Air Freshener Vanilla Orchid & Ylang Ylang | 150g", "price": "$2.70", "price_calculation": "$1.80 per 100g", "category": "Household"},
{"title": "Pauls Zymil Regular Thickened Cream | 300mL", "price": "$4.00", "price_calculation": "$1.33 per 100mL", "category": "Dairy, Eggs & Fridge"},
{"title": "Coles Ultra Microfibre Cloths | 3 pack", "price": "$3.00", "price_calculation": "$1.00 per 1ea", "category": "Household"},
{"title": "Rokeby Farms Probiotic Filmjolk Natural Yoghurt | 750g", "price": "$5.00", "price_calculation": "$0.67 per 100g", "category": "Dairy, Eggs & Fridge"},
{"title": "Pine O Cleen Multi Purpose Trigger Spray Lemon Lime | 750mL", "price": "$7.00", "price_calculation": "$0.93 per 100mL", "category": "Household"},
{"title": "Gippsland Dairy Strawberry Cream Twist Yoghurt | 700g", "price": "$5.00", "price_calculation": "$0.71 per 100g", "category": "Dairy, Eggs & Fridge"},
{"title": "White King Disinfectant Cleaner Concentrate Citrus | 1L", "price": "$3.00", "price_calculation": "$0.30 per 100mL", "category": "Household"},
{"title": "Pureharvest Organic Malt Free Long Life Soy Drink | 1L", "price": "$2.00", "price_calculation": "$2.00 per 1L", "category": "Dairy, Eggs & Fridge"},
{"title": "Ansell Super Rubber Gloves Medium | 1 pack", "price": "$3.90", "price_calculation": "$3.90 per 1ea", "category": "Household"},
{"title": "Tamar Valley Kids Greek Natural Raspberry Yoghurt Pouch | 110g", "price": "$2.40", "price_calculation": "$2.18 per 100g", "category": "Dairy, Eggs & Fridge"},
{"title": "Chux Thick Sponges Collections | 3 pack", "price": "$4.00", "price_calculation": "$1.33 per 1ea", "category": "Household"},
{"title": "Gippsland Dairy Passionfruit Twist Yoghurt | 160g", "price": "$2.40", "price_calculation": "$1.50 per 100g", "category": "Dairy, Eggs & Fridge"},
{"title": "Coles Brown Paper Lunch Bags | 100 pack", "price": "$4.00", "price_calculation": "$4.00 per 100ea", "category": "Household"},
{"title": "Danone YoPro Pouch Passionfruit | 150g", "price": "$3.00", "price_calculation": "$2.00 per 100g", "category": "Dairy, Eggs & Fridge"},
{"title": "Dishmatic Handle | 1 pack", "price": "$4.20", "price_calculation": "$4.20 per 1ea", "category": "Household"},
{"title": "Glad To Be Green Plant Bio Based Kitchen Bags Mini | 40 pack", "price": "$5.00", "price_calculation": null, "category": "Household"},
{"title": "Aerogard Odourless Protection Repellent | 150g", "price": "$12.00", "price_calculation": "$8.00 per 100g", "category": "Household"},
{"title": "Pine O Cleen Disinfectant Wipes Eucalyptus | 110 pack", "price": "$12.00", "price_calculation": "$10.91 per 100ea", "category": "Household"},
{"title": "Toolworx Pliers | 1 pack", "price": "$12.25", "price_calculation": null, "category": "Household"},
{"title": "Dylon Velvet Black Fabric Machine Dye | 100g", "price": "$12.40", "price_calculation": "$124.00 per 1kg", "category": "Household"},
{"title": "Brunnings Weed Kill For Lawns | 1L", "price": "$12.50", "price_calculation": "$12.50 per 1L", "category": "Household"},
{"title": "Raid Max Pest Multi Insect Killer Spring Meadow | 300g", "price": "$12.50", "price_calculation": "$4.17 per 100g", "category": "Household"},
{"title": "Bonds Womens Retro Rib Crop Assorted 14 & 16 | 1 pack", "price": "$25.00", "price_calculation": "$25.00 per 1ea", "category": "Household"},
{"title": "Vtech Spidey Ring Ring Phone | 1 each", "price": "$25.00", "price_calculation": "$25.00 per 1ea", "category": "Household"},
{"title": "3M P2 Particulate Respirator | 3 pack", "price": "$12.70", "price_calculation": "$4.23 per 1ea", "category": "Household"},
{"title": "Duracell Hearing Aid S312 Batteries | 8 pack", "price": "$13.00", "price_calculation": "$1.63 per 1ea", "category": "Household"},
{"title": "Duracell Hearing Aid S13 Batteries | 8 pack", "price": "$13.00", "price_calculation": "$1.63 per 1ea", "category": "Household"},
{"title": "Yates Weed N Feed Granular | 5kg", "price": "$13.00", "price_calculation": "$2.60 per 1kg", "category": "Household"},
{"title": "Sabco Super Swish Xtra Wet Refill | 1 each", "price": "$13.00", "price_calculation": "$13.00 per 1ea", "category": "Household"},
{"title": "Barbie I Can Be Careers Doll | 1 each", "price": "$13.00", "price_calculation": "$1.18 per 1ea", "category": "Household"},
{"title": "Brunnings Tough Lawn Seed | 1kg", "price": "$13.00", "price_calculation": "$13.00 per 1kg", "category": "Household"},
{"title": "Miirabella Led G95 Filament Amber ES 2W 150LM 1800K | 1 each", "price": null, "price_calculation": null, "category": "Household"},
{"title": "Botanica By Air Wick Le Fragrance Refills French Lavender Honey Blossom | 38mL", "price": "$13.15", "price_calculation": "$3.46 per 10mL", "category": "Household"},
{"title": "Hold Up Tube | 130g", "price": "$13.20", "price_calculation": "$10.15 per 100g", "category": "Household"},
{"title": "Korbond Soft Touch Scissors 9 inch | 1 each", "price": "$13.20", "price_calculation": "$13.20 per 1ea", "category": "Household"},
{"title": "Bic Intensity Fineliners Assorted | 10 pack", "price": "$13.50", "price_calculation": "$1.35 per 1ea", "category": "Household"},
{"title": "Duracell Lithium Coin Batteries 1632 | 2 pack", "price": "$13.50", "price_calculation": "$6.75 per 1ea", "category": "Household"},
{"title": "Pest Oil Insect Control Rtu | 750mL", "price": "$13.50", "price_calculation": "$18.00 per 1L", "category": "Household"},
{"title": "Duracell A23 MN21 12V Batteries | 4 pack", "price": "$13.75", "price_calculation": "$3.44 per 1ea", "category": "Household"},
{"title": "Mirabella Led Gls BC 5W 470Lum 2700K Warm White | 2 pack", "price": "$13.75", "price_calculation": "$6.88 per 1ea", "category": "Household"},
{"title": "Mirabella Led Gls ES 5W 470LUM 2700K Warm White | 2 pack", "price": "$13.75", "price_calculation": "$6.88 per 1ea", "category": "Household"},
{"title": "Mirabella Led Gls ES 9W 806LUM 2700K Warm White | 2 pack", "price": "$13.75", "price_calculation": "$6.88 per 1ea", "category": "Household"},
{"title": "Peppa Pig Bag O Fun | 1 each", "price": "$13.99", "price_calculation": "$13.99 per 1ea", "category": "Household"},
{"title": "Mortein Crawling Insect Killer Fast Knockdown Spray | 320g", "price": "$14.00", "price_calculation": "$4.38 per 100g", "category": "Household"},
{"title": "Smash Hydro Chugger | 1 each", "price": "$14.00", "price_calculation": "$14.00 per 1ea", "category": "Household"},
{"title": "Air Wick Pure Cherry Blossom Fragrance Infused With Essential Oil 19mL | 2 pack", "price": "$14.00", "price_calculation": "$7.37 per 10mL", "category": "Household"},
{"title": "Botanica Caribbean Vetiver & Sandalwood Candle | 1 each", "price": "$14.00", "price_calculation": "$14.00 per 1ea", "category": "Household"},
{"title": "Botanica Island Rose & African Geranium Candle | 1 each", "price": "$14.00", "price_calculation": "$14.00 per 1ea", "category": "Household"},
{"title": "Cook & Dine Textured Tumblers | 4 pack", "price": "$14.00", "price_calculation": "$3.50 per 1ea", "category": "Household"},
{"title": "Cub Singlet Bodysuit Yellow & Grey | 2 pack", "price": "$14.00", "price_calculation": "$7.00 per 1ea", "category": "Household"},
{"title": "CUB Singlet Bodysuit Beige & Green | 1 pack", "price": "$14.00", "price_calculation": "$14.00 per 1ea", "category": "Household"},
{"title": "Glade Aromatherapy Diffuser Refill Orange & Neroli | 16.8mL", "price": "$14.00", "price_calculation": "$8.33 per 10mL", "category": "Household"},
{"title": "UW Ladies Hi-Cut Brief Assorted 12/14 | 3 pack", "price": "$14.00", "price_calculation": "$4.67 per 1ea", "category": "Household"},
{"title": "Yates Weed N Feed | 2L", "price": "$14.00", "price_calculation": "$7.00 per 1L", "category": "Household"},
{"title": "Clio Active Rib Legging Black M | 1 each", "price": "$14.00", "price_calculation": "$14.00 per 1ea", "category": "Household"},
{"title": "Fila Fxt Glute Band | 1 each", "price": "$14.00", "price_calculation": "$14.00 per 1ea", "category": "Household"},
{"title": "Air Wick Essential Oil Sea Mist & Blue Minerals Plug-In Twin Refill | 2 pack", "price": "$14.00", "price_calculation": "$7.00 per 1ea", "category": "Household"},
{"title": "Surf Capsules Aqua Fresh | 18 pack", "price": "$14.00", "price_calculation": "$0.78 per 1ea", "category": "Household"},
{"title": "Surf Capsules Tropical | 18 pack", "price": "$14.00", "price_calculation": "$0.78 per 1ea", "category": "Household"},
{"title": "Pyrex Simply Store Glass Round Container 950mL | 1 each", "price": "$14.00", "price_calculation": "$14.00 per 1ea", "category": "Household"},
{"title": "Explorer Womens Lightweight Cotton Crew L1757W Size 8-11 | 1 pack", "price": "$14.00", "price_calculation": "$14.00 per 1ea", "category": "Household"},
{"title": "Stabilo Boss Highlighter Assorted | 6 pack", "price": "$14.10", "price_calculation": "$2.35 per 1ea", "category": "Household"},
{"title": "Crest Hippo Mini Night Light | 1 pack", "price": "$14.40", "price_calculation": "$14.40 per 1ea", "category": "Household"},
{"title": "Crest Penguin Mini Night Light | 1 each", "price": "$14.40", "price_calculation": "$14.40 per 1ea", "category": "Household"},
{"title": "Smirnoff Red Vodka 1 Litre | 1 Each", "price": "$59.00", "price_calculation": "$5.90 per 100mL", "category": "Liquor"},
{"title": "Yarra Burn Prosecco Spritz Orange Bitters NV 250mL | 1 Each", "price": "$6.00", "price_calculation": "$24.00 per 1L", "category": "Liquor"},
{"title": "Woodstock Bourbon & Cola 4.8% Can  375mL | 10 Pack", "price": "$36.00", "price_calculation": "$9.60 per 1L", "category": "Liquor"},
{"title": "Native Spirits Hobart Modern Gin By 7K 500mL | 1 Each", "price": "$60.00", "price_calculation": "$120.00 per 1L", "category": "Liquor"},
{"title": "Selaks Taste Collection Buttery Chardonnay 750mL | 1 Each", "price": "$13.00", "price_calculation": null, "category": "Liquor"},
{"title": "Moon Dog Fizzer Tropical Crush 330mL | 24 Pack", "price": "$72.00", "price_calculation": "$9.09 per 1L", "category": "Liquor"},
{"title": "Peroni Nastro Azzurro 5% Bottle 330mL | 6 Pack", "price": "$20.00", "price_calculation": "$10.10 per 1L", "category": "Liquor"},
{"title": "Bridge Road Beechworth Pale Ale Bottle 330mL | 24 Pack", "price": "$81.00", "price_calculation": "$1.02 per 100mL", "category": "Liquor"},
{"title": "Great Northern Super Crisp Lager Bottle 330mL | 6 Pack", "price": "$20.00", "price_calculation": "$10.10 per 1L", "category": "Liquor"},
{"title": "Jim Beam White Double Serve Zero 6.7% Can 375mL | 24 Pack", "price": "$119.00", "price_calculation": "$13.22 per 1L", "category": "Liquor"},
{"title": "Asahi Super Dry Bottle 330mL | 24 Pack", "price": "$53.00", "price_calculation": "$0.67 per 100mL", "category": "Liquor"},
{"title": "Billson's Passionfruit Vodka Mixed Drink Can 355mL | 24 Pack", "price": "$130.00", "price_calculation": "$15.26 per 1L", "category": "Liquor"},
{"title": "Jack Daniels & Cola Can 375mL | 10 Pack", "price": "$48.00", "price_calculation": null, "category": "Liquor"},
{"title": "Bosio Barbera d'Asti DOCG 750mL | 1 Each", "price": "$22.00", "price_calculation": "$29.33 per 1L", "category": "Liquor"},
{"title": "Brown Brothers Moscato 750mL | 1 Each", "price": "$16.00", "price_calculation": "$21.33 per 1L", "category": "Liquor"},
{"title": "Woodstock Bourbon & Cola 10% Can 200mL | 24 Pack", "price": "$117.00", "price_calculation": "$24.38 per 1L", "category": "Liquor"},
{"title": "Parson's Paddock Shiraz 750mL | 1 Each", "price": "$8.00", "price_calculation": "$10.67 per 1L", "category": "Liquor"},
{"title": "Rob Dolan True Colours Dry Rose 750mL | 1 Each", "price": "$25.00", "price_calculation": "$33.33 per 1L", "category": "Liquor"},
{"title": "Pepperjack Cabernet Sauvignon 750mL | 1 Each", "price": "$25.00", "price_calculation": "$33.33 per 1L", "category": "Liquor"},
{"title": "Just Vodka Tropical Can 330mL | 16 Pack", "price": "$76.00", "price_calculation": "$14.39 per 1L", "category": "Liquor"},
{"title": "Smirnoff Red Vodka 700mL | 1 Each", "price": "$43.00", "price_calculation": "$61.43 per 1L", "category": "Liquor"},
{"title": "Mountain Culture Cult IPA Can 355mL | 16 Pack", "price": "$90.00", "price_calculation": "$15.85 per 1L", "category": "Liquor"},
{"title": "Johnnie Walker Red Label Scotch Whisky 1L | 1 Each", "price": "$64.00", "price_calculation": "$64.00 per 1L", "category": "Liquor"},
{"title": "Bodriggy Stingray Draught Can 355mL | 6 Pack", "price": "$21.00", "price_calculation": "$9.86 per 1L", "category": "Liquor"},
{"title": "Heineken Bottle 330mL | 24 Pack", "price": "$53.00", "price_calculation": "$0.67 per 100mL", "category": "Liquor"},
{"title": "Bundaberg UP & Cola Can 375mL | 30 Pack", "price": "$130.00", "price_calculation": "$1.16 per 100mL", "category": "Liquor"},
{"title": "Yellow Tail Bubbles 750mL | 1 Each", "price": "$10.00", "price_calculation": "$13.33 per 1L", "category": "Liquor"},
{"title": "Brown & Co A Little Refreshing Prosecco 250mL | 1 Each", "price": "$6.50", "price_calculation": "$26.00 per 1L", "category": "Liquor"},
{"title": "Pure Blonde Bottle 355mL | 24 Pack", "price": "$53.00", "price_calculation": "$6.24 per 1L", "category": "Liquor"},
{"title": "Wolf Of The Willows PUP Can 355mL | 24 Pack", "price": "$75.00", "price_calculation": "$8.82 per 1L", "category": "Liquor"},
{"title": "Hardys VR Chardonnay 1L | 1 Each", "price": "$8.00", "price_calculation": "$8.00 per 1L", "category": "Liquor"},
{"title": "Yarra Burn Prosecco Spritz NV 250mL | 1 Each", "price": "$6.00", "price_calculation": "$24.00 per 1L", "category": "Liquor"},
{"title": "Guinness Draught Can 440mL | 6 Pack", "price": "$20.00", "price_calculation": "$7.58 per 1L", "category": "Liquor"},
{"title": "Carmel Concord 750mL | 1 Each", "price": "$22.00", "price_calculation": "$29.33 per 1L", "category": "Liquor"},
{"title": "Taylors One Small Step Chardonnay 750mL | 1 Each", "price": "$12.00", "price_calculation": "$16.00 per 1L", "category": "Liquor"},
{"title": "Bodriggy Dayspring IPA Can 355mL | 4 Pack", "price": "$25.00", "price_calculation": "$17.61 per 1L", "category": "Liquor"},
{"title": "John Samson Scotch Whisky 700mL | 1 Each", "price": "$39.00", "price_calculation": "$55.72 per 1L", "category": "Liquor"},
{"title": "Sungazer Mango Fruity Beer Can 300mL | 16 Pack", "price": "$40.00", "price_calculation": "$8.33 per 1L", "category": "Liquor"},
{"title": "Heineken Bottle 330mL | 6 Pack", "price": "$17.00", "price_calculation": "$0.86 per 100mL", "category": "Liquor"},
{"title": "Woodstock Bourbon & Cola 6% 375mL | 24 Pack", "price": "$126.00", "price_calculation": "$14.00 per 1L", "category": "Liquor"},
{"title": "Woodstock Bourbon & Cola Can 12% 200mL | 4 Pack", "price": "$29.00", "price_calculation": null, "category": "Liquor"},
{"title": "Moon Dog Tropical Beer Can 330mL | 6 Pack", "price": null, "price_calculation": null, "category": "Liquor"},
{"title": "Carlton Dry Bottle 330mL | 6 Pack", "price": "$19.00", "price_calculation": null, "category": "Liquor"},
{"title": "Pirate Life California Pale Ale Can 355mL | 16 Pack", "price": null, "price_calculation": null, "category": "Liquor"},
{"title": "Whispers Sauvignon Blanc 750mL | 1 Each", "price": "$5.00", "price_calculation": "$6.67 per 1L", "category": "Liquor"},
{"title": "Stomping Ground Hop Stomper Can IPA 355mL | 16 Pack", "price": "$56.00", "price_calculation": "$9.86 per 1L", "category": "Liquor"},
{"title": "Chandon NV Sparkling Brut 750mL | 1 Each", "price": "$35.00", "price_calculation": "$46.67 per 1L", "category": "Liquor"},
{"title": "Deeds Half Time Pale Ale Can 375mL | 24 Pack", "price": "$60.00", "price_calculation": "$6.67 per 1L", "category": "Liquor"},
{"title": "Wolf Blass Red Label Chardonnay 750mL | 1 Each", "price": "$7.00", "price_calculation": "$9.33 per 1L", "category": "Liquor"},
{"title": "Billson's Pine Lime Mixed Drink 355mL | 24 Pack", "price": "$130.00", "price_calculation": "$15.26 per 1L", "category": "Liquor"},
{"title": "Grant Burge Pinot Noir Chardonnay NV 750mL | 1 Each", "price": "$20.00", "price_calculation": "$26.67 per 1L", "category": "Liquor"},
{"title": "Jim Beam Black Double Serve 6.9% Can 375mL | 24 Pack", "price": "$152.00", "price_calculation": "$16.89 per 1L", "category": "Liquor"},
{"title": "Hahn Super Dry Bottle 330mL | 24 Pack", "price": "$52.00", "price_calculation": "$0.66 per 100mL", "category": "Liquor"},
{"title": "SUNGAZER SUNGAZER WATERMELON FRUIT", "price": null, "price_calculation": null, "category": "Liquor"},
{"title": "Hammer N Tongs Draught Block Can 330mL | 30 Pack", "price": "$39.00", "price_calculation": "$0.39 per 100mL", "category": "Liquor"},
{"title": "TOOHEYS TOOHEYS EXTRA DRY 8PK CAN", "price": null, "price_calculation": null, "category": "Liquor"},
{"title": "Winton Road Barossa Valley Shiraz 750mL | 1 Each", "price": "$20.00", "price_calculation": "$26.67 per 1L", "category": "Liquor"},
{"title": "Bad Shepherd Victoria Pale Ale Can 375mL | 24 Pack", "price": null, "price_calculation": null, "category": "Liquor"},
{"title": "Jack Daniels & Cola Can 375mL | 6 Pack", "price": "$34.50", "price_calculation": "$1.53 per 100mL", "category": "Liquor"},
{"title": "Pirate Life Hazy IPA Can 355mL | 16 Pack", "price": "$62.00", "price_calculation": "$10.92 per 1L", "category": "Liquor"},
{"title": "Victoria Bitter Bottle 375mL | 24 Pack", "price": "$52.00", "price_calculation": "$5.78 per 1L", "category": "Liquor"},
{"title": "Carlton Draught Rack Pack Bottle 750mL | 12 Pack", "price": "$76.00", "price_calculation": "$8.44 per 1L", "category": "Liquor"},
{"title": "Fifth Leg Semillon Sauvignon Blanc 750mL | 1 Each", "price": "$12.00", "price_calculation": "$16.00 per 1L", "category": "Liquor"},
{"title": "Gordons Pink & Soda Can 250mL | 24 Pack", "price": "$138.00", "price_calculation": "$23.00 per 1L", "category": "Liquor"},
{"title": "Stone & Wood Pacific Ale Bottle 330mL | 6 Pack", "price": "$19.00", "price_calculation": "$0.96 per 100mL", "category": "Liquor"},
{"title": "ROSIE ROSIE SPRITZ ELDERFLOWER ", "price": null, "price_calculation": null, "category": "Liquor"},
{"title": "The Ned Pinot Gris 750mL | 1 Each", "price": "$18.00", "price_calculation": "$24.00 per 1L", "category": "Liquor"},
{"title": "Bodriggy Utropia Pale Ale Can 355mL | 24 pack", "price": null, "price_calculation": null, "category": "Liquor"},
{"title": "Jacob's Creek Sauvignon Blanc 750mL | 1 Each", "price": "$10.00", "price_calculation": "$13.33 per 1L", "category": "Liquor"},
{"title": "Stone & Wood Little Dragon Ginger Beer Can 330mL | 24 Pack", "price": "$80.00", "price_calculation": null, "category": "Liquor"},
{"title": "Baileys Irish Cream 1L | 1 Each", "price": "$49.00", "price_calculation": "$49.00 per 1L", "category": "Liquor"},
{"title": "Billson's Watermelon Vodka Mixed Drink Can 355mL | 24 Pack", "price": "$130.00", "price_calculation": "$15.26 per 1L", "category": "Liquor"},
{"title": "Hidden Gem Cabernet Merlot 750mL | 1 Each", "price": "$4.00", "price_calculation": "$0.53 per 100mL", "category": "Liquor"},
{"title": "Smirnoff Seltzer Lime Can 250mL | 24 Pack", "price": "$132.00", "price_calculation": "$22.00 per 1L", "category": "Liquor"},
{"title": "Houghton White Classic 750mL | 1 Each", "price": "$13.00", "price_calculation": "$17.33 per 1L", "category": "Liquor"},
{"title": "Captain Morgan Spiced Rum & Cola 6% Can 330mL | 24 Pack", "price": "$161.00", "price_calculation": "$20.33 per 1L", "category": "Liquor"},
{"title": "Peroni Nastro Azzurro 5% Bottle 330mL | 24 Pack", "price": "$50.00", "price_calculation": null, "category": "Liquor"},
{"title": "Canadian Club Premium and Dry Can 375mL | 24 Pack", "price": "$137.00", "price_calculation": "$15.22 per 1L", "category": "Liquor"},
{"title": "Whispers White Moscato 750mL | 1 Each", "price": "$5.00", "price_calculation": null, "category": "Liquor"},
{"title": "Brown Brothers  Moscato Rose One 250mL | 250mL", "price": "$7.00", "price_calculation": "$2.80 per 100mL", "category": "Liquor"},
{"title": "Yellow Tail Chardonnay 750mL | 1 Each", "price": "$10.00", "price_calculation": "$13.33 per 1L", "category": "Liquor"},
{"title": "Tinnies Lower Sugar Ginger Beer Can 330mL | 24 Pack", "price": "$50.00", "price_calculation": "$6.31 per 1L", "category": "Liquor"},
{"title": "Great Northern Original Can 375mL | 8 Pack", "price": "$23.00", "price_calculation": "$7.67 per 1L", "category": "Liquor"},
{"title": "Pure Blonde Cider & Soda Can 330mL | 24 Pack", "price": "$67.00", "price_calculation": "$8.46 per 1L", "category": "Liquor"},
{"title": "Jamiesons Run Grazier Chardonnay 750mL | 1 Each", "price": "$6.00", "price_calculation": "$8.00 per 1L", "category": "Liquor"},
{"title": "Rocky Jones Pink Gin 700mL | 1 Each", "price": "$72.00", "price_calculation": "$102.86 per 1L", "category": "Liquor"},
{"title": "Renmano Aged Tawny Cask 2L | 1 Each", "price": "$12.00", "price_calculation": "$6.00 per 1L", "category": "Liquor"},
{"title": "Victoria Bitter Rack Pack Bottle 750mL | 12 Pack", "price": "$74.00", "price_calculation": "$8.22 per 1L", "category": "Liquor"},
{"title": "Hidden Gem Semillon Sauvignon Blanc 750mL | 1 Each", "price": "$4.00", "price_calculation": "$5.33 per 1L", "category": "Liquor"},
{"title": "Bundaberg Cola Bottle 640mL | 12 Pack", "price": "$113.00", "price_calculation": "$1.47 per 100mL", "category": "Liquor"},
{"title": "Brown Brothers Sparkling Moscato 200mL | 1 Each", "price": "$7.00", "price_calculation": "$35.00 per 1L", "category": "Liquor"},
{"title": "Coldstream Pilsner Can 375mL | 6 Pack", "price": "$18.00", "price_calculation": "$8.00 per 1L", "category": "Liquor"},
{"title": "Roaring Beach Pinot Noir 750mL | 1 Each", "price": "$20.00", "price_calculation": "$26.67 per 1L", "category": "Liquor"},
{"title": "Daybreak Sweet Fruity White 5L | 1 Each", "price": "$15.00", "price_calculation": "$3.00 per 1L", "category": "Liquor"},
{"title": "Lachlan Ridge Cabernet Merlot Cask 2Litre | 1 Each", "price": "$8.00", "price_calculation": "$4.00 per 1L", "category": "Liquor"},
{"title": "Dimple 12YO Blended Scotch Whisky 700mL | 1 Each", "price": "$53.00", "price_calculation": "$75.72 per 1L", "category": "Liquor"},
{"title": "Saltram 1859 Barossa Shiraz 750mL | 1 Each", "price": "$15.00", "price_calculation": "$20.00 per 1L", "category": "Liquor"},
{"title": "Victoria Bitter Bottle 375mL | 6 Pack", "price": "$21.00", "price_calculation": "$9.33 per 1L", "category": "Liquor"},
{"title": "Wolf Blass Red Label Cabernet Merlot 750mL | 1 Each", "price": "$7.00", "price_calculation": "$9.33 per 1L", "category": "Liquor"},
{"title": "Victoria Bitter Rack Pack Bottle 750mL | 3 Pack", "price": "$18.50", "price_calculation": "$8.22 per 1L", "category": "Liquor"},
{"title": "Grant Burge 5th Generation Barossa Shiraz 750mL | 1 Each", "price": "$14.00", "price_calculation": "$18.67 per 1L", "category": "Liquor"},
{"title": "James Squire 150 Lashes Pale Ale Bottle 330mL | 24 Pack", "price": "$51.00", "price_calculation": "$6.44 per 1L", "category": "Liquor"},
{"title": "Daybreak Soft Fruity White Cask 5L | 1 Each", "price": "$15.00", "price_calculation": "$3.00 per 1L", "category": "Liquor"},
{"title": "Vodka Cruiser Double Raspberry Can 375mL | 4 Pack", "price": "$25.00", "price_calculation": "$16.67 per 1L", "category": "Liquor"},
{"title": "Asahi Super Dry Cans 500mL | 6 Pack", "price": "$27.00", "price_calculation": "$9.00 per 1L", "category": "Liquor"},
{"title": "Carlton Dry Can 375mL | 8 Pack", "price": "$23.00", "price_calculation": "$7.67 per 1L", "category": "Liquor"},
{"title": "Bells Scotch Blended Scotch Whisky 1L | 1 Each", "price": "$60.00", "price_calculation": "$60.00 per 1L", "category": "Liquor"},
{"title": "Jacob's Creek Semillon Sauvignon Blanc 750mL | 1 Each", "price": "$10.00", "price_calculation": "$13.33 per 1L", "category": "Liquor"},
{"title": "Brilla Prosecco 750mL | 1 Each", "price": "$16.00", "price_calculation": "$2.13 per 100mL", "category": "Liquor"},
{"title": "Jacob's Creek Chardonnay 750mL | 1 Each", "price": "$10.00", "price_calculation": "$13.33 per 1L", "category": "Liquor"},
{"title": "Hardys VR Merlot 1L | 1 Each", "price": "$8.00", "price_calculation": "$8.00 per 1L", "category": "Liquor"},
{"title": "Cleanskin Soft & Smooth SEA Cabernet Merlot 750mL | 1 Each", "price": "$5.50", "price_calculation": "$7.33 per 1L", "category": "Liquor"},
{"title": "Cleanskin Smooth & Round SEA Merlot 750mL | 1 Each", "price": "$5.50", "price_calculation": "$7.33 per 1L", "category": "Liquor"},
{"title": "Jacob's Creek Cabernet Sauvignon 750mL | 1 Each", "price": "$10.00", "price_calculation": "$13.33 per 1L", "category": "Liquor"},
{"title": "Daybreak Crisp Dry White 5L | 1 Each", "price": "$15.00", "price_calculation": "$3.00 per 1L", "category": "Liquor"},
{"title": "Ruski Lemon Bottle 275mL | 4 Pack", "price": "$22.00", "price_calculation": "$20.00 per 1L", "category": "Liquor"},
{"title": "Jamiesons Run Grazier Shiraz 750mL | 1 Each", "price": "$6.00", "price_calculation": "$8.00 per 1L", "category": "Liquor"},
{"title": "Gordons Dry Gin 1L | 1 Each", "price": "$62.00", "price_calculation": "$62.00 per 1L", "category": "Liquor"},
{"title": "XXXX Gold Can 375mL | 8 Pack", "price": "$19.00", "price_calculation": "$6.33 per 1L", "category": "Liquor"},
{"title": "Whispers Sparkling Pink Moscato 750mL | 1 Each", "price": "$5.00", "price_calculation": "$6.67 per 1L", "category": "Liquor"},
{"title": "Zilzie Bulloak Pinot Noir 750mL | 1 Each", "price": "$6.00", "price_calculation": "$8.00 per 1L", "category": "Liquor"},
{"title": "Jamiesons Run Grazier Cab Sauv 750mL | 1 Each", "price": "$6.00", "price_calculation": "$8.00 per 1L", "category": "Liquor"},
{"title": "Yellow Tail Semillon Sauvignon Blanc 750mL | 1 Each", "price": "$10.00", "price_calculation": "$13.33 per 1L", "category": "Liquor"},
{"title": "Somersby Apple Cider Bottle 330mL | 6 Pack", "price": "$16.00", "price_calculation": "$8.08 per 1L", "category": "Liquor"},
{"title": "Lindemans Bin 95 Sauvignon Blanc 750mL | 1 Each", "price": "$8.00", "price_calculation": "$10.67 per 1L", "category": "Liquor"},
{"title": "Bundaberg UP & Cola Can 375mL | 10 Pack", "price": "$48.00", "price_calculation": "$12.80 per 1L", "category": "Liquor"},
{"title": "Ballantines Scotch Whisky 700mL | 1 Each", "price": "$44.00", "price_calculation": "$62.86 per 1L", "category": "Liquor"},
{"title": "Carlton Draught Can 375mL | 24 Pack", "price": "$55.00", "price_calculation": "$0.61 per 100mL", "category": "Liquor"},
{"title": "De Bortoli Premium Cabernet Merlot Cask 4 Litre | 1 Each", "price": "$22.00", "price_calculation": "$5.50 per 1L", "category": "Liquor"},
{"title": "Kim Crawford Marlborough Sauvignon Blanc 750mL | 1 Each", "price": "$22.00", "price_calculation": "$29.33 per 1L", "category": "Liquor"},
{"title": "Tooheys Extra Dry Bottle 345mL | 24 Pack", "price": "$52.00", "price_calculation": "$6.28 per 1L", "category": "Liquor"},
{"title": "Captain Morgan Spiced Gold 700mL | 1 Each", "price": "$45.00", "price_calculation": "$64.29 per 1L", "category": "Liquor"},
{"title": "Coopers Original Pale Ale Bottle 375mL | 24 Pack", "price": "$55.00", "price_calculation": "$0.61 per 100mL", "category": "Liquor"},
{"title": "Tussock Jumper Chardonnay 750mL | 1 Each", "price": "$10.00", "price_calculation": "$13.33 per 1L", "category": "Liquor"},
{"title": "Bells Blended Scotch Whisky 700mL | 1 Each", "price": "$43.00", "price_calculation": "$61.43 per 1L", "category": "Liquor"},
{"title": "Ara Select Blocks Zero Sauvignon Blanc 750mL | 1 each", "price": "$3.50", "price_calculation": "$4.67 per 1L", "category": "Liquor"},
{"title": "Lean Cuisine Veg'D Up Beef Lasagne | 350g", "price": "$7.00", "price_calculation": "$2.00 per 100g", "category": "Frozen"},
{"title": "Berri Quelch Apple Berry Fruit Juice Icy Tubes 24 pack | 1.68L", "price": "$7.30", "price_calculation": "$0.43 per 100mL", "category": "Frozen"},
{"title": "Super Nature Vegan Bean Bourguignon | 350g", "price": "$7.50", "price_calculation": "$2.14 per 100g", "category": "Frozen"},
{"title": "Super Vegan Coconut & Jackfruit Curry | 350g", "price": "$7.50", "price_calculation": "$2.14 per 100g", "category": "Frozen"},
{"title": "Streets Golden Gaytime Bites Chocolate | 279mL", "price": "$7.70", "price_calculation": "$2.76 per 100mL", "category": "Frozen"},
{"title": "Golden Wok Frozen Diana Chan's Vegetable Dumplings | 230g", "price": "$8.50", "price_calculation": "$3.70 per 100g", "category": "Frozen"},
{"title": "KB's Yum Cha Prawn Toast | 240g", "price": "$8.50", "price_calculation": "$3.54 per 100g", "category": "Frozen"},
{"title": "Denada Sugar Free Ice Cream Chocolate Pops Milk Chocolate & Hazelnut 3 Pack | 315mL", "price": "$8.50", "price_calculation": "$2.70 per 100mL", "category": "Frozen"},
{"title": "Denada Sugar Free Ice Cream Lil Nadas Chocolate & Vanilla 4 Pack | 400mL", "price": "$8.50", "price_calculation": "$2.13 per 100mL", "category": "Frozen"},
{"title": "Super Charged Chicken Massaman | 350g", "price": "$8.50", "price_calculation": "$2.43 per 100g", "category": "Frozen"},
{"title": "Street Supreme Pizza | 385g", "price": "$8.60", "price_calculation": "$2.23 per 100g", "category": "Frozen"},
{"title": "Coles Frozen Organic Mixed Berries | 450g", "price": "$8.80", "price_calculation": "$1.96 per 100g", "category": "Frozen"},
{"title": "Sealord Hoki Fillets Wholemeal | 300g", "price": "$9.00", "price_calculation": "$30.00 per 1kg", "category": "Frozen"},
{"title": "McCain Pub Size Bangers & Mash | 500g", "price": "$9.50", "price_calculation": "$1.90 per 100g", "category": "Frozen"},
{"title": "Weis Mango & Macadamia Ice Cream Bars 4 pack | 280mL", "price": "$9.50", "price_calculation": "$3.39 per 100mL", "category": "Frozen"},
{"title": "Cadbury Dairy Milk Ice Cream Caramello 4 pack | 360mL", "price": "$9.50", "price_calculation": "$2.64 per 100mL", "category": "Frozen"},
{"title": "Sara Lee Cookie Pies Dble Choc & Slt Cara 4pk | 380g", "price": "$9.50", "price_calculation": "$2.50 per 100g", "category": "Frozen"},
{"title": "Peters Maxibon Ice Cream Honeycomb 4 pack | 560mL", "price": "$9.50", "price_calculation": "$1.70 per 100mL", "category": "Frozen"},
{"title": "Bubble O Bill Ice Cream Strawberry Chocolate & Caramel 4 Pack | 404mL", "price": "$10.00", "price_calculation": "$2.48 per 100mL", "category": "Frozen"},
{"title": "Coyo Coconut Ice Cream Cookies & Cream | 500mL", "price": "$10.00", "price_calculation": "$2.00 per 100mL", "category": "Frozen"},
{"title": "Bulla Murray Street Daintree Honey Swirl | 400mL", "price": "$10.00", "price_calculation": "$2.50 per 100mL", "category": "Frozen"},
{"title": "McCain Pub Size Double Meat Crumbed Lamb | 480g", "price": "$10.00", "price_calculation": "$2.08 per 100g", "category": "Frozen"},
{"title": "KB Lemon & Pepper Squid | 360g", "price": "$10.50", "price_calculation": "$29.17 per 1kg", "category": "Frozen"},
{"title": "Magnum Ice Cream Luxe Salted Caramel Tub | 440mL", "price": "$10.50", "price_calculation": "$2.39 per 100mL", "category": "Frozen"},
{"title": "Halo Top Oat Milk Chocolate Hazelnut Ice Cream Tub | 473mL", "price": "$10.50", "price_calculation": "$2.22 per 100mL", "category": "Frozen"},
{"title": "Birds Eye Oven Bake Snapper | 270g", "price": "$11.00", "price_calculation": "$40.74 per 1kg", "category": "Frozen"},
{"title": "Coles Hoki Fillets | 700g", "price": "$11.50", "price_calculation": "$16.43 per 1kg", "category": "Frozen"},
{"title": "Sara Lee Mango Passionfruit & White Chocolate Ice Cream | 1L", "price": "$12.00", "price_calculation": "$1.20 per 100mL", "category": "Frozen"},
{"title": "The Cheesecake Shop Creamy Caramel Cheesecake Ice Cream | 500mL", "price": "$12.00", "price_calculation": "$2.40 per 100mL", "category": "Frozen"},
{"title": "Steggles Chicken Rings Crumbed | 900g", "price": "$12.60", "price_calculation": "$14.00 per 1kg", "category": "Frozen"},
{"title": "Coles Hoisin Spring Rolls | 180g", "price": "$4.90", "price_calculation": "$2.72 per 100g", "category": "Frozen"},
{"title": "Birds Eye Broccoli- Cauli- Garlic & Parsley Veggie Rice | 500g", "price": "$4.95", "price_calculation": "$9.90 per 1kg", "category": "Frozen"},
{"title": "Birds Eye Sweet Corn Veggie Bites | 300g", "price": "$5.00", "price_calculation": "$16.67 per 1kg", "category": "Frozen"},
{"title": "Birds Eye Sweet Potato Veggie Bites | 300g", "price": "$5.00", "price_calculation": "$16.67 per 1kg", "category": "Frozen"},
{"title": "Steggles Salt & Vinegar Chicken Fingers | 400g", "price": "$5.80", "price_calculation": "$14.50 per 1kg", "category": "Frozen"},
{"title": "Super Nature Sweet Potato Cottage Pie Meal | 350g", "price": "$6.00", "price_calculation": "$1.71 per 100g", "category": "Frozen"},
{"title": "Proud & Punch Pining For Lime 6 pack | 450mL", "price": "$6.00", "price_calculation": "$1.33 per 100mL", "category": "Frozen"},
{"title": "Coles Ice Cream Mini Vienna Salted Caramel Sticks 5 Pack | 285mL", "price": "$6.00", "price_calculation": "$2.11 per 100mL", "category": "Frozen"},
{"title": "Syndian Frozen Gluten Free Lentil Burgers | 400g", "price": "$6.40", "price_calculation": "$1.60 per 100g", "category": "Frozen"},
{"title": "Cremorne Creamery Boysenberry Swirl | 1L", "price": "$6.50", "price_calculation": "$0.65 per 100mL", "category": "Frozen"},
{"title": "Quorn Roast | 454g", "price": "$7.00", "price_calculation": "$1.54 per 100g", "category": "Frozen"},
{"title": "Quorn Swedish Style Meatless Meatballs | 300g", "price": "$7.00", "price_calculation": "$2.33 per 100g", "category": "Frozen"},
{"title": "Twisted Licks 99% Sugar Free Sticks Vanilla Bean 4 Pack | 320mL", "price": "$7.00", "price_calculation": "$2.19 per 100mL", "category": "Frozen"},
{"title": "Steggles Chicken Nuggets With Hidden Veg | 400g", "price": "$7.00", "price_calculation": "$17.50 per 1kg", "category": "Frozen"},
{"title": "Schmackos Strapz With Beef Dog Treats | 500g", "price": "$16.00", "price_calculation": "$3.20 per 100g", "category": "Pet"},
{"title": "Purina Total Care Medicated Shampoo For Dogs | 350mL", "price": "$17.00", "price_calculation": "$48.57 per 1L", "category": "Pet"},
{"title": "Purina Total Care Flea Control Shampoo For Dogs | 350mL", "price": "$17.00", "price_calculation": "$48.57 per 1L", "category": "Pet"},
{"title": "Purina Total Care Brush And Shine Dog | 1 pack", "price": "$17.00", "price_calculation": "$17.00 per 1ea", "category": "Pet"},
{"title": "Purina Total Care Slicker And Massager Brush Cat | 1 pack", "price": "$17.00", "price_calculation": "$17.00 per 1ea", "category": "Pet"},
{"title": "Rufus & Coco Eco Pee Mat | 1 pack", "price": "$17.00", "price_calculation": "$17.00 per 1ea", "category": "Pet"},
{"title": "Purina Total Care Flea Knockdown for Cats, Puppies & Small Dog | 3 pack", "price": "$17.50", "price_calculation": "$5.83 per 1ea", "category": "Pet"},
{"title": "Total Care Durasling Ball Dog Toy | 1 pack", "price": "$17.50", "price_calculation": "$17.50 per 1ea", "category": "Pet"},
{"title": "Nerf 16.5Inch Crinkle Wing Launching Duck Dog Toy | 1 pack", "price": "$17.50", "price_calculation": "$17.50 per 1ea", "category": "Pet"},
{"title": "Rufus & Coco Antiseptic Aid | 75g", "price": "$18.00", "price_calculation": null, "category": "Pet"},
{"title": "Supercoat Adult Sensitive With Fish Dry Dog Food | 2.6kg", "price": "$18.00", "price_calculation": "$0.69 per 100g", "category": "Pet"},
{"title": "Optimum Adult 1+ Years Wth Oceanfish Dry Cat Food | 2kg", "price": "$19.00", "price_calculation": "$0.95 per 100g", "category": "Pet"},
{"title": "Exelpet Fleaban House & Carpet Spray | 375mL", "price": "$19.00", "price_calculation": "$50.67 per 1L", "category": "Pet"},
{"title": "Rufus & Coco Duramax Dog Lead | 1 pack", "price": "$20.00", "price_calculation": "$20.00 per 1ea", "category": "Pet"},
{"title": "Purina Total Care Dog Collar Reflective Small | 1 pack", "price": "$21.00", "price_calculation": "$21.00 per 1ea", "category": "Pet"},
{"title": "Purina Total Care Star Wars Chewbacca Rope Dog Toy | 1 pack", "price": "$21.00", "price_calculation": "$21.00 per 1ea", "category": "Pet"},
{"title": "Purina Total Care Star Wars Darth Vader Dog Toy | 1 pack", "price": "$21.00", "price_calculation": "$21.00 per 1ea", "category": "Pet"},
{"title": "Purina Total Care Pixar Alien Dog Toy | 1 pack", "price": "$21.00", "price_calculation": "$21.00 per 1ea", "category": "Pet"},
{"title": "Optimum Grain Free With Beef & Vegetables Dry Dog Food | 2.5kg", "price": "$22.00", "price_calculation": "$0.88 per 100g", "category": "Pet"},
{"title": "Purina Total Care Dog Collar Reflective Medium | 1 pack", "price": "$22.00", "price_calculation": "$22.00 per 1ea", "category": "Pet"},
{"title": "Purina Total Care Flea Tick Control Plus Medium Dog Treatment | 1 pack", "price": "$22.00", "price_calculation": "$22.00 per 1ea", "category": "Pet"},
{"title": "Optimum Dry Dog Food Skin & Coat With Turkey | 3kg", "price": "$22.00", "price_calculation": "$0.73 per 100g", "category": "Pet"},
{"title": "Purina Total Care Dog Collar Reflective Large | 1 pack", "price": "$23.00", "price_calculation": "$23.00 per 1ea", "category": "Pet"},
{"title": "Purina Total Care Flea Tick Control Plus Large Dog Treatment | 1 pack", "price": "$23.00", "price_calculation": "$23.00 per 1ea", "category": "Pet"},
{"title": "Marvel Spiderman Plush Dog Toy | 1 pack", "price": "$23.00", "price_calculation": "$23.00 per 1ea", "category": "Pet"},
{"title": "Lux And Bones Harness & Leash Extra Small | 1 pack", "price": "$23.50", "price_calculation": "$23.50 per 1ea", "category": "Pet"},
{"title": "Purina Total Care Reflective Dog Lead 120cm | 1 pack", "price": "$24.00", "price_calculation": "$24.00 per 1ea", "category": "Pet"},
{"title": "Lux And Bones Harness & Leash Small Set | 1 pack", "price": "$25.00", "price_calculation": "$25.00 per 1ea", "category": "Pet"},
{"title": "Purina Total Care Pixar Sulley Dog Toy | 1 pack", "price": "$25.00", "price_calculation": "$25.00 per 1ea", "category": "Pet"},
{"title": "Rufus & Coco Shock Ease Dog Lead | 1 pack", "price": "$25.00", "price_calculation": "$25.00 per 1ea", "category": "Pet"},
{"title": "Nature's Adult Wet Dog Food Real Chicken Loaf 24x100g | 24 pack", "price": "$26.00", "price_calculation": "$1.08 per 100g", "category": "Pet"},
{"title": "Optimum Lamb And Rice Dog Food With Trays 24x100g | 24 pack", "price": "$28.50", "price_calculation": "$1.19 per 100g", "category": "Pet"},
{"title": "Purina Total Care Heartwormer, All Wormer & Flea Control  for  Large Dogs | 1 pack", "price": "$30.00", "price_calculation": "$30.00 per 1ea", "category": "Pet"},
{"title": "Greenies Original Regular Dog Treat Pouch 12 Pack | 340g", "price": null, "price_calculation": null, "category": "Pet"},
{"title": "Greenies Original Petite Dog Treat | 340g", "price": null, "price_calculation": null, "category": "Pet"},
{"title": "Purina Total Care Tasty Heartwormer & All Wormer Small Dog | 3 pack", "price": "$36.00", "price_calculation": "$12.00 per 1ea", "category": "Pet"},
{"title": "Purina Total Care Tasty Heartwormer & All Wormer Medium Dog | 3 pack", "price": "$39.00", "price_calculation": "$13.00 per 1ea", "category": "Pet"},
{"title": "Elanco Comfortis Plus Fleas Heartworm & Worms Small Dog Treatment | 1 Pack", "price": "$40.00", "price_calculation": "$40.00 per 1ea", "category": "Pet"},
{"title": "Nivea Hydrocare Moisturising Lip Balm + Shea Butter & SPF15 | 4.8g", "price": "$3.50", "price_calculation": "$72.92 per 100g", "category": "Health & Beauty"},
{"title": "Nood Dry Dog Food Cage Free Chicken Recipe With Superfoods | 7kg", "price": "$42.00", "price_calculation": "$0.60 per 100g", "category": "Pet"},
{"title": "Dettol Antibacterial Foam Hand Wash Pump Rose and Cherry | 250mL", "price": "$3.50", "price_calculation": "$1.40 per 100mL", "category": "Health & Beauty"},
{"title": "Purina Total Care Tasty Heartwormer & All Wormer Large Dog | 3 pack", "price": "$44.00", "price_calculation": "$14.67 per 1ea", "category": "Pet"},
{"title": "Nivea Black And White Clear Invisible Roll On Antiperspirant Deodorant | 50mL", "price": "$3.69", "price_calculation": "$7.38 per 100mL", "category": "Health & Beauty"},
{"title": "Lean Cuisine Veg'D Up Tuna Bake | 310g", "price": "$7.00", "price_calculation": "$2.00 per 100g", "category": "Frozen"},
{"title": "Elevate Dry Dog Food Large Breed Chicken | 8kg", "price": "$45.00", "price_calculation": "$0.56 per 100g", "category": "Pet"},
{"title": "OC Naturals Normal Balance Shampoo | 400mL", "price": "$3.70", "price_calculation": "$0.93 per 100mL", "category": "Health & Beauty"},
{"title": "Birds Eye Plant Based Meatball | 300g", "price": "$7.30", "price_calculation": "$2.43 per 100g", "category": "Frozen"},
{"title": "Pet Treat Bar Salmon Training Treat | approx 100g", "price": "$6.00", "price_calculation": "$60.00 per 1kg", "category": "Pet"},
{"title": "Tena Standard Length Liners Incontinence | 30 pack", "price": "$3.85", "price_calculation": "$0.13 per 1ea", "category": "Health & Beauty"},
{"title": "Birds Eye Plant Based Wholemeal Crumb Chicken Tenders | 300g", "price": "$7.30", "price_calculation": "$2.43 per 100g", "category": "Frozen"},
{"title": "Revlon Super Lustrous Matte Lipstick On Fire | 4.2g", "price": "$26.00", "price_calculation": "$61.91 per 10g", "category": "Health & Beauty"},
{"title": "Pet Treat Bar Sprinkle Donut | approx 100g", "price": null, "price_calculation": null, "category": "Pet"},
{"title": "Band-Aid Tough Strips | 40 pack", "price": "$4.80", "price_calculation": "$0.12 per 1ea", "category": "Health & Beauty"},
{"title": "Bamboostick Red Bean | 390g", "price": "$7.50", "price_calculation": "$1.92 per 100g", "category": "Frozen"},
{"title": "Revlon Super Lustrous Matte Lipstick Show Off | 4.2g", "price": "$26.00", "price_calculation": "$61.91 per 10g", "category": "Health & Beauty"},
{"title": "Palmolive Gold Soap | 4 pack", "price": "$5.00", "price_calculation": "$1.39 per 100g", "category": "Health & Beauty"},
{"title": "Magnum Ice Cream Tahiti Passionfruit White Choc 4 Pack | 360mL", "price": "$8.00", "price_calculation": "$2.22 per 100mL", "category": "Frozen"},
{"title": "Sukin Brightening Illuminating Eye Gel Tube | 15mL", "price": "$26.00", "price_calculation": "$17.33 per 10mL", "category": "Health & Beauty"},
{"title": "Carefree Barely There Unscented Panty Liners | 42 pack", "price": "$5.00", "price_calculation": "$11.91 per 100ea", "category": "Health & Beauty"},
{"title": "Seng Hork Beef Dumplings | 500g", "price": "$8.00", "price_calculation": "$1.60 per 100g", "category": "Frozen"},
{"title": "Fudge Professional Clean Blonde Violet Purple Toning Conditioner | 250mL", "price": "$26.00", "price_calculation": "$10.40 per 100mL", "category": "Health & Beauty"},
{"title": "Nivea Black & White Clear Invisible Aerosol Antiperspirant Deodorant | 250mL", "price": "$5.95", "price_calculation": "$2.38 per 100mL", "category": "Health & Beauty"},
{"title": "Sealord Hoki Bites Classic Crumb | 400g", "price": "$8.40", "price_calculation": "$21.00 per 1kg", "category": "Frozen"},
{"title": "Fudge Professional Everyday Clean Blonde Damage Rewind Violet Purple Toning Conditioner | 250mL", "price": "$26.00", "price_calculation": "$10.40 per 100mL", "category": "Health & Beauty"},
{"title": "Palmolive Men Active Shower Gel | 1L", "price": "$6.00", "price_calculation": "$0.60 per 100mL", "category": "Health & Beauty"},
{"title": "Tutto Pasta Vegan & Gluten Free Pumpkin & Ricotta Cannelloni | 300g", "price": "$8.50", "price_calculation": "$2.83 per 100g", "category": "Frozen"},
{"title": "Glow Lab Eye Serum | 15mL", "price": "$26.00", "price_calculation": "$173.34 per 100mL", "category": "Health & Beauty"},
{"title": "Hismile Toothpaste Peach Iced | 60g", "price": "$6.50", "price_calculation": "$10.83 per 100g", "category": "Health & Beauty"},
{"title": "Denada Sugar Free Ice Cream Choc Pops Salted Caramel 3 Pack | 315mL", "price": "$8.50", "price_calculation": "$2.70 per 100mL", "category": "Frozen"},
{"title": "Gillette Proglide Flexball Razor Handle +2 Blade | 1 pack", "price": "$26.00", "price_calculation": "$26.00 per 1ea", "category": "Health & Beauty"},
{"title": "Poise Pads For Bladder Leaks Regular | 16 pack", "price": "$7.00", "price_calculation": "$0.44 per 1ea", "category": "Health & Beauty"},
{"title": "Denada Sugar Free Salted Caramel Vegan Ice Cream | 475mL", "price": "$8.50", "price_calculation": "$1.79 per 100mL", "category": "Frozen"},
{"title": "Fudge Clean Blonde Toning Drops | 30mL", "price": "$26.00", "price_calculation": "$86.67 per 100mL", "category": "Health & Beauty"},
{"title": "Poise Pads For Bladder Leaks Extra Plus | 20 pack", "price": "$11.80", "price_calculation": "$0.59 per 1ea", "category": "Health & Beauty"},
{"title": "Denada Sugar Free Ice Cream Raspberry Ribbon Vegan | 475mL", "price": "$8.50", "price_calculation": "$1.79 per 100mL", "category": "Frozen"},
{"title": "Henry Blooms Beta Glucan Cholesterol Balance | 200g", "price": "$26.40", "price_calculation": "$13.20 per 100g", "category": "Health & Beauty"},
{"title": "Sensodyne Sensitive Teeth Pain Repair & Protect Fluoride Toothpaste | 100g", "price": "$12.30", "price_calculation": "$12.30 per 100g", "category": "Health & Beauty"},
{"title": "Juicies Tropical 10 Pack | 1L", "price": "$8.50", "price_calculation": "$0.85 per 100mL", "category": "Frozen"},
{"title": "Four Seasons Libido For Him | 60 pack", "price": "$26.50", "price_calculation": "$0.44 per 1ea", "category": "Health & Beauty"},
{"title": "Coles Toothbrush Case | 1 pack", "price": "$1.00", "price_calculation": "$1.00 per 1ea", "category": "Health & Beauty"},
{"title": "Juicies Lemonade 10 Pack | 1L", "price": "$8.50", "price_calculation": "$0.85 per 100mL", "category": "Frozen"},
{"title": "L'Oreal True Match Blush Rosy Cheeks | 3.5g", "price": "$27.00", "price_calculation": "$77.15 per 10g", "category": "Health & Beauty"},
{"title": "Nature's Organics Fruits Apple Fresh Shampoo | 500mL", "price": "$2.00", "price_calculation": "$0.40 per 100mL", "category": "Health & Beauty"},
{"title": "Hanabi Frozen Prawn & Pork Shao Mai 12 Pieces | 300g", "price": "$9.00", "price_calculation": "$3.00 per 100g", "category": "Frozen"},
{"title": "Neutrogena Rapid Wrinkle Repair Night Retinol Moisutuiser | 29mL", "price": "$27.00", "price_calculation": "$93.11 per 100mL", "category": "Health & Beauty"},
{"title": "Coles Extra Pads Regular With Wings | 16 pack", "price": "$2.20", "price_calculation": "$0.14 per 1ea", "category": "Health & Beauty"},
{"title": "I&J Frozen Tasty Calamari Salt & Pepper Lightly Crumbed Rings | 360g", "price": "$9.00", "price_calculation": "$25.00 per 1kg", "category": "Frozen"},
{"title": "Neutrogena Rapid Wrinkle Repair Moisturiser SPF 15 | 29mL", "price": "$27.00", "price_calculation": "$93.11 per 100mL", "category": "Health & Beauty"},
{"title": "Natures Commonscents Goats Milk Soap | 100g", "price": "$2.20", "price_calculation": "$2.20 per 100g", "category": "Health & Beauty"},
{"title": "Streets Splice Pine Lime 8 pack | 544mL", "price": "$9.00", "price_calculation": "$1.65 per 100mL", "category": "Frozen"},
{"title": "Revlon Colorstay Concealer Light | 6mL", "price": "$27.00", "price_calculation": "$45.00 per 10mL", "category": "Health & Beauty"},
{"title": "Elastoplast Flexible Fabric Strips | 40 pack", "price": "$4.80", "price_calculation": "$0.12 per 1ea", "category": "Health & Beauty"},
{"title": "Connoisseur Ice Cream  Butterscotch & Gingerbread | 1L", "price": "$9.00", "price_calculation": "$0.90 per 100mL", "category": "Frozen"},
{"title": "Revlon Colorstay #001 Addictive Quad Eyeshadow | 4.8g", "price": "$27.00", "price_calculation": "$56.25 per 10g", "category": "Health & Beauty"},
{"title": "Dettol Soap Bar Citrus Fresh | 3 pack", "price": "$4.90", "price_calculation": "$1.63 per 1ea", "category": "Health & Beauty"},
{"title": "Gym Bod Peanut Butter Salted Caramel | 475mL", "price": "$9.00", "price_calculation": "$1.89 per 100mL", "category": "Frozen"},
{"title": "Revlon Photoready #05 Impressionist Primer & Shadow | 2.8g", "price": "$27.00", "price_calculation": "$96.43 per 10g", "category": "Health & Beauty"},
{"title": "Carefree Breathable Unscented Panty Liners | 48 pack", "price": "$5.50", "price_calculation": "$11.46 per 100ea", "category": "Health & Beauty"},
{"title": "Sealord Hoki Fillet 3 Seed Crumb | 300g", "price": "$9.00", "price_calculation": "$30.00 per 1kg", "category": "Frozen"},
{"title": "Essano Collagen Boost Eye Creme | 10g", "price": "$27.00", "price_calculation": "$27.00 per 10g", "category": "Health & Beauty"},
{"title": "Colgate Optic White Enamel Care Teeth Whitening Toothpaste With 1% Hydrogen Peroxide | 95g", "price": "$6.00", "price_calculation": "$6.32 per 100g", "category": "Health & Beauty"},
{"title": "Sealord Hoki Parmesan & Rosemary | 300g", "price": "$9.00", "price_calculation": "$30.00 per 1kg", "category": "Frozen"},
{"title": "Essano Collagen Boost Facial Oil | 20mL", "price": "$27.00", "price_calculation": "$135.00 per 100mL", "category": "Health & Beauty"},
{"title": "Colgate 360 Optic White Toothbrush Medium | 3 pack", "price": "$14.00", "price_calculation": "$4.67 per 1ea", "category": "Health & Beauty"},
{"title": "Heinz One Pan Italian Risotto Frozen Rice Meal | 600g", "price": "$9.00", "price_calculation": "$1.50 per 100g", "category": "Frozen"},
{"title": "L'Oreal Paris Rouge Signature Matte Lip Ink Rule | 7mL", "price": "$27.00", "price_calculation": "$38.57 per 10mL", "category": "Health & Beauty"},
{"title": "Head & Shoulders Clean & Balanced Shampoo | 660mL", "price": "$21.00", "price_calculation": "$3.18 per 100mL", "category": "Health & Beauty"},
{"title": "King Of Kings Prawn Fried Rice | 400g", "price": "$9.30", "price_calculation": "$2.33 per 100g", "category": "Frozen"},
{"title": "Ogx Flexible Control Shine + Hydrate Argan Oil of Morocco Heat Protect Spray For Damaged & Heat Styled Hair | 177mL", "price": "$27.00", "price_calculation": "$15.25 per 100mL", "category": "Health & Beauty"},
{"title": "Coles Cotton Wool Tips Paper Stem | 20 pack", "price": "$1.00", "price_calculation": "$0.05 per 1ea", "category": "Health & Beauty"},
{"title": "Coles Australian Beef Burgers | 800g", "price": "$9.50", "price_calculation": "$11.88 per 1kg", "category": "Frozen"},
{"title": "Revlon Photoready Eye Contour Kit Avant Garde | 2.8g", "price": "$27.00", "price_calculation": "$96.43 per 10g", "category": "Health & Beauty"},
{"title": "Palmolive Antibacterial Liquid Handwash | 250mL", "price": "$1.80", "price_calculation": "$0.72 per 100mL", "category": "Health & Beauty"},
{"title": "McCain Pub Size Parma Veal Schnitzels & Veg | 480g", "price": "$9.50", "price_calculation": "$1.98 per 100g", "category": "Frozen"},
{"title": "Pyrenel Nit Blast | 50mL", "price": "$27.00", "price_calculation": "$54.00 per 100mL", "category": "Health & Beauty"},
{"title": "Palmolive Aromatherapy Hand Wash Pump Sea Minerals | 250mL", "price": "$1.80", "price_calculation": "$0.72 per 100mL", "category": "Health & Beauty"},
{"title": "Weis Bar Raspberry Davidson Plum 4 Pack | 280mL", "price": "$9.50", "price_calculation": "$3.39 per 100mL", "category": "Frozen"},
{"title": "Revlon CS Skin Awaken Concealer Light | 8mL", "price": "$27.00", "price_calculation": "$33.75 per 10mL", "category": "Health & Beauty"},
{"title": "Coles Liners Long | 26 pack", "price": "$1.95", "price_calculation": "$0.08 per 1ea", "category": "Health & Beauty"},
{"title": "Weis Fruit Ice Fruito Bars 4 pack | 280mL", "price": "$9.50", "price_calculation": "$3.39 per 100mL", "category": "Frozen"},
{"title": "Revlon CS Skin Awaken Concealer Medium | 8mL", "price": "$27.00", "price_calculation": "$33.75 per 10mL", "category": "Health & Beauty"},
{"title": "Swisspers Large Cotton Make Up Pads | 50 pack", "price": "$3.20", "price_calculation": "$6.40 per 100ea", "category": "Health & Beauty"},
{"title": "Peters Maxibon Ice Cream Caramel Rough Nut 4pack | 560mL", "price": "$9.50", "price_calculation": "$1.70 per 100mL", "category": "Frozen"},
{"title": "L'Oreal Rouge Signature Plump Lip Gloss I Amplify | 7mL", "price": "$27.00", "price_calculation": "$38.57 per 10mL", "category": "Health & Beauty"},
{"title": "Johnson's Daily Essentials Facial Cleansing Wipes Normal Skin | 25 pack", "price": "$3.60", "price_calculation": "$0.14 per 1ea", "category": "Health & Beauty"},
{"title": "Weis Ice Confection Pineapple Lime & Coconut Bar 6 Pack | 264mL", "price": "$9.50", "price_calculation": "$3.60 per 100mL", "category": "Frozen"},
{"title": "L'Oreal Paris Rouge Signature Plump Lip Gloss I Heighten | 7mL", "price": "$27.00", "price_calculation": "$38.57 per 10mL", "category": "Health & Beauty"},
{"title": "Poise Liners For Bladder Leaks Regular | 26 pack", "price": "$5.30", "price_calculation": "$0.20 per 1ea", "category": "Health & Beauty"},
{"title": "Hanabi BBQ Bulgogi Pork | 290g", "price": "$9.50", "price_calculation": "$3.28 per 100g", "category": "Frozen"},
{"title": "Wyld Supplement Tablets Man | 60 pack", "price": "$27.00", "price_calculation": "$0.45 per 1ea", "category": "Health & Beauty"},
{"title": "Band-Aid Waterproof Aquablock Sterile Strips | 40 pack", "price": "$6.00", "price_calculation": "$0.15 per 1ea", "category": "Health & Beauty"},
{"title": "Weis Half & Half Pine Lime & Vanilla  | 1L", "price": "$10.00", "price_calculation": "$1.00 per 100mL", "category": "Frozen"},
{"title": "Ogx Coconut Curls Styling Milk | 177mL", "price": "$27.00", "price_calculation": "$15.25 per 100mL", "category": "Health & Beauty"},
{"title": "Dermal Therapy Ultra Moisturising Lip Balm | 10g", "price": "$6.00", "price_calculation": "$60.00 per 100g", "category": "Health & Beauty"},
{"title": "Magnum Ice Cream Luxe Gold Caramelised Chocolate Tub | 440mL", "price": "$10.50", "price_calculation": "$2.39 per 100mL", "category": "Frozen"},
{"title": "Gillette Venus Deluxe Smooth Sensitive Blades | 4 pack", "price": "$27.00", "price_calculation": "$6.75 per 1ea", "category": "Health & Beauty"},
{"title": "Poise Pads For Bladder Leaks Super | 14 pack", "price": "$6.95", "price_calculation": "$0.50 per 1ea", "category": "Health & Beauty"},
{"title": "I Mei Brown Sugar Pearl Milk Ice Bar 4 Pack | 292mL", "price": "$11.00", "price_calculation": "$3.77 per 100g", "category": "Frozen"},
{"title": "L'Oreal Paris Rogue Signature Plumping Lip Gloss Soar | 7mL", "price": "$27.00", "price_calculation": null, "category": "Health & Beauty"},
{"title": "Dove Body Wash Triple Moisturising | 500mL", "price": "$7.00", "price_calculation": "$1.40 per 100mL", "category": "Health & Beauty"},
{"title": "On The Menu Family Cottage Pie | 1.2kg", "price": "$11.00", "price_calculation": "$0.92 per 100g", "category": "Frozen"},
{"title": "Garnier Vitamin C Brightening Eye Cream | 15mL", "price": "$27.00", "price_calculation": "$180.01 per 100mL", "category": "Health & Beauty"},
{"title": "U by Kotex Tampons Super | 32 pack", "price": "$8.00", "price_calculation": "$0.25 per 1ea", "category": "Health & Beauty"},
{"title": "Bulla Murray Street Vanilla & Boysenberry Swirl | 1L", "price": "$12.00", "price_calculation": "$1.20 per 100mL", "category": "Frozen"},
{"title": "Covergirl Simply Ageless Foundation Buff Beige | 12g", "price": "$27.00", "price_calculation": "$22.50 per 10g", "category": "Health & Beauty"},
{"title": "Libra Goodnights Ultra Thin Value Pack Pads | 20 pack", "price": "$8.50", "price_calculation": "$0.43 per 1ea", "category": "Health & Beauty"},
{"title": "Bulla Murray Street Ice Cream Honey & Salted Caramel Peanut | 1L", "price": "$12.00", "price_calculation": "$1.20 per 100mL", "category": "Frozen"},
{"title": "Covergirl Simply Ageless Foundation Creamy Natural | 12g", "price": "$27.00", "price_calculation": "$22.50 per 10g", "category": "Health & Beauty"},
{"title": "Oral-B Complete Clean 5 Way Toothbrush | 3 pack", "price": "$10.00", "price_calculation": "$3.33 per 1ea", "category": "Health & Beauty"},
{"title": "Pana Organic Frozen Dessert Mango & Macadamia | 950mL", "price": "$12.00", "price_calculation": "$1.26 per 100mL", "category": "Frozen"},
{"title": "Covergirl Simply Ageless Foundation Natural Beige | 12g", "price": "$27.00", "price_calculation": "$22.50 per 10g", "category": "Health & Beauty"},
{"title": "Colgate Total Advanced Fresh Multi Benefit Toothpaste | 200g", "price": "$10.00", "price_calculation": "$5.00 per 100g", "category": "Health & Beauty"},
{"title": "Pana Organic Frozen Dessert Mint Choc Chip | 950mL", "price": "$12.00", "price_calculation": "$1.26 per 100mL", "category": "Frozen"},
{"title": "L'Oreal True Match Blush 120 Sandalwood Pin | 5g", "price": "$27.00", "price_calculation": "$54.00 per 10g", "category": "Health & Beauty"},
{"title": "Colgate Multi Benefit Advanced Whitening Toothpaste | 200g", "price": "$10.00", "price_calculation": "$5.00 per 100g", "category": "Health & Beauty"},
{"title": "The Cheesecake Shop Black Forest Cheesecake Ice Cream | 500mL", "price": "$12.00", "price_calculation": "$2.40 per 100mL", "category": "Frozen"},
{"title": "Revlon Powder Blush Naughty Nude | 5g", "price": "$28.00", "price_calculation": "$56.00 per 10g", "category": "Health & Beauty"},
{"title": "Sensodyne Sensitive Daily Care Toothbrush | 3 pack", "price": "$10.50", "price_calculation": "$3.50 per 1ea", "category": "Health & Beauty"},
{"title": "YoPro Mint Chocolate Frozen Dessert Tub | 473mL", "price": "$12.00", "price_calculation": "$2.54 per 100mL", "category": "Frozen"},
{"title": "Sukin Rosehip Oil Enriching Night Cream | 120mL", "price": "$28.00", "price_calculation": "$23.33 per 100mL", "category": "Health & Beauty"},
{"title": "Palmolive Milk & Honey Liquid Hand Wash | 250mL", "price": "$1.80", "price_calculation": "$0.72 per 100mL", "category": "Health & Beauty"},
{"title": "YoPro Double Choc Frozen Dessert Tub | 473mL", "price": "$12.00", "price_calculation": "$2.54 per 100mL", "category": "Frozen"},
{"title": "L'Oreal Volume Million Lashes Waterproof Mascara | 10mL", "price": "$28.00", "price_calculation": "$28.00 per 10mL", "category": "Health & Beauty"},
{"title": "Coles Extra Pads Super With Wings | 14 pack", "price": "$2.20", "price_calculation": "$0.16 per 1ea", "category": "Health & Beauty"},
{"title": "Haagen-Dazs Strawberries And Cream Ice Cream | 457mL", "price": "$13.50", "price_calculation": "$2.95 per 100mL", "category": "Frozen"},
{"title": "Gillette Fusion Proshield Flexball Razor Handle +2 Blade | 1 pack", "price": "$28.00", "price_calculation": "$28.00 per 1ea", "category": "Health & Beauty"},
{"title": "Haagen Dazs Duo Vanilla Brownie & Raspberry Ice Cream Tub | 420mL", "price": "$13.50", "price_calculation": "$3.21 per 100mL", "category": "Frozen"},
{"title": "Revlon Colorstay Satin Ink Lipstick Wild Ride | 5mL", "price": "$28.00", "price_calculation": "$56.00 per 10mL", "category": "Health & Beauty"},
{"title": "Haagen-Dazs Ice Cream Pint Rum Salted Caramel & Biscuit 8 Pack | 457mL", "price": "$13.50", "price_calculation": "$2.95 per 100mL", "category": "Frozen"},
{"title": "Revlon Colorstay Satin Ink Lipstick Speak Up | 5mL", "price": "$28.00", "price_calculation": "$56.00 per 10mL", "category": "Health & Beauty"},
{"title": "I&J The Finest Frozen Salmon Portions Skin Off | 500g", "price": "$23.00", "price_calculation": "$46.00 per 1kg", "category": "Frozen"},
{"title": "Revlon CS Satin Ink Lipstick Partner In Crime | 5mL", "price": "$28.00", "price_calculation": "$56.00 per 10mL", "category": "Health & Beauty"},
{"title": "Kb's Barramundi Fillets | 1kg", "price": "$28.00", "price_calculation": "$28.00 per 1kg", "category": "Frozen"},
{"title": "Revlon CS Satin Ink Lipstick Silky Sienna | 5mL", "price": "$28.00", "price_calculation": "$56.00 per 10mL", "category": "Health & Beauty"},
{"title": "Coles Chicken Breast Schnitzel | 400g", "price": "$4.40", "price_calculation": "$11.00 per 1kg", "category": "Frozen"},
{"title": "Tena Washable Men's Boxer M Incontinence Underwear | 1 pack", "price": "$28.00", "price_calculation": "$28.00 per 1ea", "category": "Health & Beauty"},
{"title": "Coles Onion Bhaji | 240g", "price": "$5.00", "price_calculation": "$2.08 per 100g", "category": "Frozen"},
{"title": "Revlon Skinlights Liquid Illuminator Sunrise Luster | 30mL", "price": "$28.00", "price_calculation": "$93.34 per 100mL", "category": "Health & Beauty"},
{"title": "Swisse Fast Acting Vitamin D3 | 90 pack", "price": "$28.00", "price_calculation": "$0.31 per 1ea", "category": "Health & Beauty"},
{"title": "Epzen Body Wash Starter Pack Coconut & Vanilla | 1 each", "price": "$28.00", "price_calculation": "$28.00 per 1ea", "category": "Health & Beauty"},
{"title": "Remedy Kombucha Orange Squeeze | 1.25L", "price": "$6.95", "price_calculation": "$5.56 per 1L", "category": "Drinks"},
{"title": "Nexba Crafted Soda Orange 4x250mL | 4 pack", "price": "$7.00", "price_calculation": "$7.00 per 1L", "category": "Drinks"},
{"title": "Coca-Cola Zero Sugar Soft Drink Multipack Glass Bottle 4x300mL | 4 pack", "price": "$7.50", "price_calculation": "$6.25 per 1L", "category": "Drinks"},
{"title": "Ovaltine Sleep Dreamy Vanilla | 400g", "price": "$7.50", "price_calculation": "$1.88 per 100g", "category": "Drinks"},
{"title": "Nescafe Double Shot Latte Sachet | 10 pack", "price": "$7.60", "price_calculation": "$0.76 per 1ea", "category": "Drinks"},
{"title": "Illy Espresso Classico Capsules | 10 pack", "price": "$8.00", "price_calculation": "$0.80 per 1ea", "category": "Drinks"},
{"title": "Remedy Raspberry Lemonade Organic Kombucha Multipack Cans 250ml | 4 pack", "price": "$8.75", "price_calculation": "$8.75 per 1L", "category": "Drinks"},
{"title": "Remedy Kombucha Wild Berry 4X250mL | 4 pack", "price": "$8.75", "price_calculation": "$8.75 per 1L", "category": "Drinks"},
{"title": "Three Blue Ducks Organic Hot Choc | 200g", "price": "$9.00", "price_calculation": "$4.50 per 100g", "category": "Drinks"},
{"title": "Bean Ground & Drunk Organic Decaffeinated Medium Roast Fairtrade Coffee | 250g", "price": "$9.50", "price_calculation": "$3.80 per 100g", "category": "Drinks"},
{"title": "Starbucks Nescafe Dolce Gusto Capsules Cappuccino | 12 pack", "price": "$10.00", "price_calculation": "$0.83 per 1ea", "category": "Drinks"},
{"title": "Lavazza Prontissimo Intenso Premium Instant Coffee | 95g", "price": "$11.00", "price_calculation": "$11.58 per 100g", "category": "Drinks"},
{"title": "Moccona Cafe Classics Strong Cappuccino Sachets | 30 pack", "price": "$12.00", "price_calculation": "$0.40 per 1ea", "category": "Drinks"},
{"title": "Arkadia Spice Chai Tea Sachets 20 pack | 400g", "price": "$13.00", "price_calculation": "$0.65 per 1ea", "category": "Drinks"},
{"title": "Hardys Zero Shiraz 750mL | 1 each", "price": "$13.00", "price_calculation": "$17.33 per 1L", "category": "Drinks"},
{"title": "T2 Melbourne Breakfast Flavoured Black Tea Bags 25 pack | 50g", "price": "$16.00", "price_calculation": "$0.64 per 1ea", "category": "Drinks"},
{"title": "Starbucks By Nespresso Colombia Nespresso Compatible Capsules | 36 pack", "price": "$17.50", "price_calculation": "$0.49 per 1ea", "category": "Drinks"},
{"title": "Carlton Zero Bottle 330mL | 24 Pack", "price": "$39.00", "price_calculation": "$11.82 per 100mL", "category": "Drinks"},
{"title": "Wolf Blass Zero Sauvignon Blanc 750mL | 1 Each", "price": "$13.00", "price_calculation": "$17.33 per 1L", "category": "Drinks"},
{"title": "Coles English Breakfast Tea Bags 50 Pack | 92.5g", "price": "$2.20", "price_calculation": "$0.04 per 1ea", "category": "Drinks"},
{"title": "Golden Circle Refreshers Berry Burst Flavoured Water Drink | 1L", "price": "$2.45", "price_calculation": "$2.45 per 1L", "category": "Drinks"},
{"title": "Coles  Caramel Mocha Sachets 180g | 10 pack", "price": "$3.25", "price_calculation": "$0.33 per 1ea", "category": "Drinks"},
{"title": "Dilmah Wild Island Coriander With Cinnamon & Peppermint Refresh Blend | 20 pack", "price": "$3.25", "price_calculation": "$0.16 per 1ea", "category": "Drinks"},
{"title": "Higher Living Daily Detox Tea | 15 pack", "price": "$3.50", "price_calculation": "$0.23 per 1ea", "category": "Drinks"},
{"title": "Golden Circle Cordial Orange Crush Cordial | 2L", "price": "$3.90", "price_calculation": "$1.95 per 1L", "category": "Drinks"},
{"title": "Emma & Tom's Orange Juice Straight Chilled | 350mL", "price": "$3.90", "price_calculation": "$11.14 per 1L", "category": "Drinks"},
{"title": "Twinings Live Well Sleep Well Tea Bags | 22 pack", "price": "$4.25", "price_calculation": "$0.19 per 1ea", "category": "Drinks"},
{"title": "Dilmah Lively Lemon Leaf Tea Bags | 20 pack", "price": "$4.30", "price_calculation": "$0.22 per 1ea", "category": "Drinks"},
{"title": "Bickford's Bitter Lemon Cordial | 750mL", "price": "$4.50", "price_calculation": "$6.00 per 1L", "category": "Drinks"},
{"title": "Vittoria Oro Nespresso Compatible Coffee Capsules | 10 pack", "price": "$4.50", "price_calculation": "$0.45 per 1ea", "category": "Drinks"},
{"title": "Vittoria Colombia Nespresso Compatible Coffee Capsules | 10 pack", "price": "$4.50", "price_calculation": "$0.45 per 1ea", "category": "Drinks"},
{"title": "Bickfords Ice Tea Mango | 750mL", "price": "$4.50", "price_calculation": "$6.00 per 1L", "category": "Drinks"},
{"title": "Red Seal Passionfruit & Vanilla Hot Or Cold Brew | 20 pack", "price": "$4.50", "price_calculation": "$0.23 per 1ea", "category": "Drinks"},
{"title": "Bickfords Cordial Pineapple Passionfruit | 750mL", "price": "$4.50", "price_calculation": "$6.00 per 1L", "category": "Drinks"},
{"title": "Bushells Blue Label Extra Strong Black Tea Bags  | 100 pack", "price": "$4.85", "price_calculation": "$0.05 per 1ea", "category": "Drinks"},
{"title": "Coles Green Smoothie | 1L", "price": "$5.10", "price_calculation": "$5.10 per 1L", "category": "Drinks"},
{"title": "McCain Frozen Mashed Potato | 1kg", "price": "$7.70", "price_calculation": "$7.70 per 1kg", "category": "Frozen"},
{"title": "Bickfords Pineapple Mango Juice | 1L", "price": "$5.20", "price_calculation": "$5.20 per 1L", "category": "Drinks"},
{"title": "Core Power Foods Smokey Mountain Meatballs | 350g", "price": "$9.00", "price_calculation": "$2.57 per 100g", "category": "Frozen"},
{"title": "Nerada Organics Peppermint Tea Bags 40 Pack | 60g", "price": "$5.80", "price_calculation": "$0.15 per 1ea", "category": "Drinks"},
{"title": "Peters Lactose Free Ice Cream | 1.2L", "price": "$9.00", "price_calculation": "$0.75 per 100mL", "category": "Frozen"},
{"title": "Vittoria Espressotoria Italian Blend Coffee Capsules 12 pack | 78g", "price": "$6.00", "price_calculation": "$0.50 per 1ea", "category": "Drinks"},
{"title": "Connoisseur Ice Cream Peanut Butter | 1L", "price": "$9.00", "price_calculation": "$0.90 per 100mL", "category": "Frozen"},
{"title": "Sodastream Zeros Lemonade Water | 440mL", "price": "$6.00", "price_calculation": "$13.64 per 1L", "category": "Drinks"},
{"title": "Drumstick Ice Cream Caramel 4Pack | 475mL", "price": "$9.50", "price_calculation": "$2.00 per 100mL", "category": "Frozen"},
{"title": "Capi Tonic Water Low Sugar | 4 pack", "price": "$6.00", "price_calculation": "$1.50 per 1ea", "category": "Drinks"},
{"title": "Inghams Chicken Breast Schnitzel | 400g", "price": "$10.65", "price_calculation": "$26.63 per 1kg", "category": "Frozen"},
{"title": "Nexba Mango Drink Kombucha | 1L", "price": "$6.20", "price_calculation": "$6.20 per 1L", "category": "Drinks"},
{"title": "Steggles Frozen Tempura Chicken Breast Pops | 1kg", "price": "$11.00", "price_calculation": "$11.00 per 1kg", "category": "Frozen"},
{"title": "Dilmah Earl Grey Tea Bags 50 Pack | 100 g", "price": "$6.35", "price_calculation": "$0.13 per 1ea", "category": "Drinks"},
{"title": "Coles Party 30 Pack | 1.25kg", "price": "$12.00", "price_calculation": "$0.96 per 100g", "category": "Frozen"},
{"title": "Bundaberg Brewed Drink Lemon Lime Bitter Diet 4x375mL | 4 pack", "price": "$6.45", "price_calculation": "$4.30 per 1L", "category": "Drinks"},
{"title": "Mrs Mac's Microwaveable Beef & Cheese Pie | 175g", "price": "$2.50", "price_calculation": "$1.43 per 100g", "category": "Frozen"},
{"title": "Fever-Tree Premium Light Mixers Tonic Water 4x200mL | 4 pack", "price": "$6.50", "price_calculation": "$8.13 per 1L", "category": "Drinks"},
{"title": "Bulla Splits Multi Flavoured Ice Cream Sticks 10 pack | 750mL", "price": "$4.00", "price_calculation": "$0.53 per 100mL", "category": "Frozen"},
{"title": "Coles Urban Coffee Culture Dolce Gusto Americano Capsules | 16 pack", "price": "$6.50", "price_calculation": "$0.41 per 1ea", "category": "Drinks"},
{"title": "Bulla Creamy Classics Ice Cream Neapolitan Stick 4 pack | 360mL", "price": "$5.20", "price_calculation": "$1.44 per 100mL", "category": "Frozen"},
{"title": "Lipton Peach Iced Tea Sachets | 20 pack", "price": "$6.50", "price_calculation": "$0.33 per 1ea", "category": "Drinks"},
{"title": "McCain Red Box Plated Roast Lamb  | 320g", "price": "$6.00", "price_calculation": "$1.88 per 100g", "category": "Frozen"},
{"title": "Pukka Herbal Collection Tea Bags 20 pack | 34.4g", "price": "$6.60", "price_calculation": "$0.33 per 1ea", "category": "Drinks"},
{"title": "Zooper Dooper 8 Cosmic Flavours Water Ice 70mL Tubes | 24 pack", "price": "$6.50", "price_calculation": "$0.39 per 100mL", "category": "Frozen"},
{"title": "Birds Eye Snap Frozen Vegetables Carrot Cauliflower & Broccoli | 1 kg", "price": "$6.50", "price_calculation": "$6.50 per 1kg", "category": "Frozen"},
{"title": "Coles Irrisistible Rum & Raisin Ice Cream Tub | 1L", "price": "$6.50", "price_calculation": "$0.65 per 100mL", "category": "Frozen"},
{"title": "Coles Neapolitan Ice Cream Tub | 4L", "price": "$7.00", "price_calculation": "$0.18 per 100mL", "category": "Frozen"},
{"title": "Peters Frosty Fruits Tropical 8 pack | 600mL", "price": "$8.00", "price_calculation": "$1.33 per 100mL", "category": "Frozen"},
{"title": "On The Menu Chicken Parma With Cheesy Chips & Veg | 480g", "price": "$8.00", "price_calculation": "$1.67 per 100g", "category": "Frozen"},
{"title": "McCain Family Margherita Frozen Pizza | 500g", "price": "$8.50", "price_calculation": "$1.70 per 100g", "category": "Frozen"},
{"title": "Peters Drumstick Ice Cream Cua Choc Cookie 4pack | 475mL", "price": "$9.50", "price_calculation": "$2.00 per 100mL", "category": "Frozen"},
{"title": "Gelatissimo Gelato Cheesecake Swirl Tub | 473mL", "price": "$10.00", "price_calculation": "$2.11 per 100mL", "category": "Frozen"},
{"title": "Farm Pride Frozen Egg Whites | 950mL", "price": "$10.50", "price_calculation": "$1.11 per 100mL", "category": "Frozen"},
{"title": "KB Frozen Vegetable Gyoza | 750g", "price": "$13.60", "price_calculation": "$1.81 per 100g", "category": "Frozen"},
{"title": "Coles Frozen Brussels Sprouts | 500g", "price": "$3.00", "price_calculation": "$6.00 per 1kg", "category": "Frozen"},
{"title": "Twisted Healthy Treats Tiny Tubs Choc Mint/Caramel White Choc 4 Pack | 480mL", "price": "$4.25", "price_calculation": "$0.89 per 100mL", "category": "Frozen"},
{"title": "Oz Group Australian Frozen Blueberries | 250g", "price": "$5.00", "price_calculation": "$2.00 per 100g", "category": "Frozen"},
{"title": "Herbert Adams Cheese & Spinach Rolls | 380g", "price": "$5.30", "price_calculation": "$1.39 per 100g", "category": "Frozen"},
{"title": "Coles Jalapeno Cakes | 250g", "price": "$5.50", "price_calculation": "$2.20 per 100g", "category": "Frozen"},
{"title": "Creative Gourmet Frozen Raspberries | 300g", "price": "$5.65", "price_calculation": "$18.83 per 1kg", "category": "Frozen"},
{"title": "Steggles Frozen Southern Style Chicken Breast Tenders  | 400g", "price": "$6.00", "price_calculation": "$15.00 per 1kg", "category": "Frozen"},
{"title": "Weight Watchers Frozen Creamy Tuna Bake Meal | 320g", "price": "$6.50", "price_calculation": "$2.03 per 100g", "category": "Frozen"},
{"title": "Peters Light And Creamy Ice Cream Choc Caramel | 1.8L", "price": "$6.50", "price_calculation": "$0.36 per 100mL", "category": "Frozen"},
{"title": "Lean Cuisine Sundried Tomato & Chicken | 375g", "price": "$7.00", "price_calculation": "$1.87 per 100g", "category": "Frozen"},
{"title": "Ben & Jerrys Topped PB Overtop | 436mL", "price": "$7.25", "price_calculation": "$1.66 per 100mL", "category": "Frozen"},
{"title": "McCain Lil Pizzas Ham & Pineapple 4 Pack | 400g", "price": "$7.80", "price_calculation": "$1.95 per 100g", "category": "Frozen"},
{"title": "Peters Life Savers Ice Cream 8 pack | 530mL", "price": "$8.00", "price_calculation": "$1.51 per 100mL", "category": "Frozen"},
{"title": "Connoisseur Ice Cream Vanilla Caramel Brownie | 1L", "price": "$9.00", "price_calculation": "$0.90 per 100mL", "category": "Frozen"},
{"title": "Streets Paddle Pop Rainbow | 544mL", "price": "$9.00", "price_calculation": "$1.65 per 100mL", "category": "Frozen"},
{"title": "Reese's Twin Pack Peanut Butter & Chocolate 4 Pack | 360mL", "price": "$9.00", "price_calculation": "$2.50 per 100mL", "category": "Frozen"},
{"title": "Cadbury Dairy Milk Ice Cream Caramilk | 460mL", "price": "$12.00", "price_calculation": "$2.61 per 100mL", "category": "Frozen"},
{"title": "Birds Eye Snap Frozen Carrot Cauliflower Broccoli & Bean | 500g", "price": "$4.00", "price_calculation": "$8.00 per 1kg", "category": "Frozen"},
{"title": "Bulla Choc Fudge Ice Cream 8Pack | 600mL", "price": "$4.00", "price_calculation": "$0.67 per 100mL", "category": "Frozen"},
{"title": "Birds Eye Frozen Crunchy Crumb Fish Cakes 6 pack | 300g", "price": "$4.40", "price_calculation": "$14.67 per 1kg", "category": "Frozen"},
{"title": "Bulla Creamy Classic Ice Cream Sticks Vanilla 4 Pack | 360mL", "price": "$5.20", "price_calculation": "$1.44 per 100mL", "category": "Frozen"},
{"title": "Colgate Great Regular Flavour Toothpaste | 90g", "price": "$2.00", "price_calculation": "$2.22 per 100g", "category": "Health & Beauty"},
{"title": "Dettol Healthy Touch Liquid Antibacterial Instant Hand Sanitiser | 50mL", "price": "$2.80", "price_calculation": "$0.56 per 10mL", "category": "Health & Beauty"},
{"title": "Colgate Cavity Protection Cool Mint Toothpaste | 180g", "price": "$3.50", "price_calculation": "$1.94 per 100g", "category": "Health & Beauty"},
{"title": "Cenovis Sugarless Vitamin C 500mg Tablets For Immunity | 160 pack", "price": "$6.67", "price_calculation": "$0.04 per 1ea", "category": "Health & Beauty"},
{"title": "Panadol Extra Paracetamol 500mg Caplets | 20 pack", "price": "$7.50", "price_calculation": "$0.38 per 1ea", "category": "Health & Beauty"},
{"title": "Oral B 3D Whitening Stengthen Enamel Tooth Paste 190 Gram | 190g", "price": "$8.00", "price_calculation": "$4.21 per 100g", "category": "Health & Beauty"},
{"title": "Sensodyne Sensitivity Gum Extra Fresh Toothpaste | 100g", "price": "$12.30", "price_calculation": "$12.30 per 100g", "category": "Health & Beauty"},
{"title": "Coles Extra Pads Overnight With Wings | 12 pack", "price": "$2.20", "price_calculation": "$0.18 per 1ea", "category": "Health & Beauty"},
{"title": "Coles Foaming Hand Wash Raspberry | 250mL", "price": "$2.60", "price_calculation": "$1.04 per 100mL", "category": "Health & Beauty"},
{"title": "Coles Ibuprofen Soft Gel Capsules | 20 pack", "price": "$2.60", "price_calculation": "$0.13 per 1ea", "category": "Health & Beauty"},
{"title": "Nurofen Zavance Tablets Pain Relief 256mg Ibuprofen | 24 pack", "price": "$7.50", "price_calculation": "$0.31 per 1ea", "category": "Health & Beauty"},
{"title": "Colgate Mild Mint Gel Bluey Toothpaste | 90g", "price": "$2.10", "price_calculation": "$2.33 per 100g", "category": "Health & Beauty"},
{"title": "Swisspers Cotton Tips Paper | 240 pack", "price": "$3.84", "price_calculation": "$1.60 per 100ea", "category": "Health & Beauty"},
{"title": "Libra Original Regular Tampons | 16 pack", "price": "$4.30", "price_calculation": "$0.27 per 1ea", "category": "Health & Beauty"},
{"title": "Gillette Shave Foam Sensitive Skin | 330g", "price": "$5.50", "price_calculation": null, "category": "Health & Beauty"},
{"title": "Colgate Zig Zag Flex Medium Toothbrush | 3 pack", "price": "$3.90", "price_calculation": "$1.30 per 1ea", "category": "Health & Beauty"},
{"title": "U by Kotex Extra Pads Super With Wings | 14 pack", "price": "$5.00", "price_calculation": "$0.36 per 1ea", "category": "Health & Beauty"},
{"title": "Colgate Advanced Whitening Purple Toothpaste | 120g", "price": "$5.00", "price_calculation": "$4.17 per 100g", "category": "Health & Beauty"},
{"title": "Sensodyne Complete Care Toothpaste Cool Mint | 100g", "price": "$12.30", "price_calculation": "$12.30 per 100g", "category": "Health & Beauty"},
{"title": "Swisspers Cotton Tips Paperstems | 20 pack", "price": "$0.88", "price_calculation": "$0.04 per 1ea", "category": "Health & Beauty"},
{"title": "Coles Anti-Bacterial Wipes for Normal Skin | 15 pack", "price": "$1.40", "price_calculation": "$0.09 per 1ea", "category": "Health & Beauty"},
{"title": "Kleenex Anti-Bacterial To-Go Wipes | 15 pack", "price": "$2.50", "price_calculation": "$0.17 per 1ea", "category": "Health & Beauty"},
{"title": "Dove Beauty Bar Shea Butter | 2 pack", "price": "$2.94", "price_calculation": "$1.47 per 1ea", "category": "Health & Beauty"},
{"title": "Libra Liners Active Protect | 30 pack", "price": "$3.50", "price_calculation": "$0.12 per 1ea", "category": "Health & Beauty"},
{"title": "Libra Goodnights Ultra Thin Pads | 10 pack", "price": "$5.00", "price_calculation": "$0.50 per 1ea", "category": "Health & Beauty"},
{"title": "Swisspers Cotton Tips Paperstems | 400 pack", "price": "$5.40", "price_calculation": "$1.35 per 100ea", "category": "Health & Beauty"},
{"title": "Colgate Total Mint Stripe Multi Benefit Toothpaste | 200g", "price": "$5.50", "price_calculation": "$2.75 per 100g", "category": "Health & Beauty"},
{"title": "Colgate Total Gum Health Toothpaste | 115g", "price": "$6.50", "price_calculation": "$5.65 per 100g", "category": "Health & Beauty"},
{"title": "Palmolive Aloe Vera With Chamomile Hand Wash | 1L", "price": "$7.00", "price_calculation": "$0.70 per 100mL", "category": "Health & Beauty"},
{"title": "Lynx Aerosol Africa Deodorant | 165mL", "price": "$8.00", "price_calculation": "$4.85 per 100mL", "category": "Health & Beauty"},
{"title": "Listerine Freshburst Zero Mouthwash | 500mL", "price": "$8.00", "price_calculation": "$1.60 per 100mL", "category": "Health & Beauty"},
{"title": "Sensodyne Sensitive Teeth Pain Daily Care Extra Fresh Toothpaste | 110g", "price": "$9.70", "price_calculation": "$8.82 per 100g", "category": "Health & Beauty"},
{"title": "Redwin Sorbolene Moisturise | 1.1L", "price": "$11.00", "price_calculation": "$1.00 per 100mL", "category": "Health & Beauty"},
{"title": "Coles Biodegradable Moisturising 3 In 1 Facial Cleansing Wipes | 30 pack", "price": "$1.80", "price_calculation": "$0.06 per 1ea", "category": "Health & Beauty"},
{"title": "Oral-B Dental Floss Waxed Mint 50m | 1 each", "price": "$2.00", "price_calculation": "$2.00 per 1ea", "category": "Health & Beauty"},
{"title": "Colgate Triple Action Toothpaste | 80g", "price": "$2.00", "price_calculation": "$2.50 per 100g", "category": "Health & Beauty"},
{"title": "Coles Anti Bacterial Biodegradable Hand And Body Wipes | 30 pack", "price": "$2.60", "price_calculation": "$0.09 per 1ea", "category": "Health & Beauty"},
{"title": "Nivea Original Care Moisturising Lip Balm + Shea Butter | 4.8g", "price": "$3.50", "price_calculation": "$72.92 per 100g", "category": "Health & Beauty"},
{"title": "Tena Extra Long Incontinence Liner | 24 pack", "price": "$3.85", "price_calculation": "$0.16 per 1ea", "category": "Health & Beauty"},
{"title": "Dermal Therapy Paw Paw Lip Balm | 10g", "price": "$4.20", "price_calculation": "$42.00 per 100g", "category": "Health & Beauty"},
{"title": "Macleans Extreme Clean Lasting Fresh Toothpaste | 170g", "price": "$5.00", "price_calculation": "$2.94 per 100g", "category": "Health & Beauty"},
{"title": "Poise Liners For Bladder Leaks Extra Long | 22 pack", "price": "$5.30", "price_calculation": "$0.24 per 1ea", "category": "Health & Beauty"},
{"title": "Vicks Vapodrop Butter Menthol Lozenges | 42 pack", "price": "$5.35", "price_calculation": "$0.13 per 1ea", "category": "Health & Beauty"},
{"title": "Palmolive Milk & Honey Shower Gel | 1L", "price": "$6.00", "price_calculation": "$0.60 per 100mL", "category": "Health & Beauty"},
{"title": "Gaviscon Dual Action Chewable Tablets Heartburn & Indigestion Relief Peppermint | 16 pack", "price": "$6.50", "price_calculation": "$0.41 per 1ea", "category": "Health & Beauty"},
{"title": "Nurofen Zavance Fast Pain Relief Caplets 256mg Ibuprofen | 24 pack", "price": "$7.50", "price_calculation": "$0.31 per 1ea", "category": "Health & Beauty"},
{"title": "Oral B 3D Whitening Toothpaste Long Lasting Freshness | 190g", "price": "$8.00", "price_calculation": "$4.21 per 100g", "category": "Health & Beauty"},
{"title": "Sabco Vinyl Disposable Gloves Medium | 25 pack", "price": "$5.00", "price_calculation": "$0.20 per 1ea", "category": "Household"},
{"title": "White King Mould & Soap Scum Remover | 500mL", "price": "$5.50", "price_calculation": "$1.10 per 100mL", "category": "Household"},
{"title": "Dishmatic General Purpose Refill | 3 pack", "price": "$6.30", "price_calculation": "$2.10 per 1ea", "category": "Household"},
{"title": "Decor Microsafe Easy Heat Container 900mL | 1 each", "price": "$6.50", "price_calculation": "$6.50 per 1ea", "category": "Household"},
{"title": "Domestos Regular Disinfectant | 1.25L", "price": "$6.60", "price_calculation": "$0.53 per 100mL", "category": "Household"},
{"title": "Kleenex Complete Clean Double Length Toilet Paper | 4 pack", "price": "$7.50", "price_calculation": "$0.52 per 100ea", "category": "Household"},
{"title": "My Eco Bag Compostable Garbage Bag Bin Liner 27L | 22 pack", "price": "$7.70", "price_calculation": "$0.35 per 1ea", "category": "Household"},
{"title": "Sorbent Toilet Tissue Hypo Allergenic Double Length | 8 pack", "price": "$9.00", "price_calculation": "$1.13 per 1ea", "category": "Household"},
{"title": "Duracell Medical 3V 2032 Lithium Batteries | 2 pack", "price": "$9.50", "price_calculation": "$4.75 per 1ea", "category": "Household"},
{"title": "Cold Power Lemon Advanced Laundry Liquid | 2L", "price": "$21.00", "price_calculation": "$10.50 per 1L", "category": "Household"},
{"title": "Cook & Dine Rice Spoons | 4 pack", "price": "$8.00", "price_calculation": "$2.00 per 1ea", "category": "Household"},
{"title": "Coles Demineralised Water | 2L", "price": "$2.00", "price_calculation": "$1.00 per 1L", "category": "Household"},
{"title": "Coles Ultra Cleaner Bath & Shower Bathroom | 750mL", "price": "$2.75", "price_calculation": "$0.37 per 100mL", "category": "Household"},
{"title": "Selleys Fix 'N' Go Supa Glue | 3mL", "price": "$3.00", "price_calculation": "$1.00 per 1mL", "category": "Household"},
{"title": "Bref Power Active Toilet Cleaner Fresh Flowers | 50g", "price": "$3.50", "price_calculation": "$7.00 per 100g", "category": "Household"},
{"title": "Earth Choice Aqua Toilet Cleaner  | 750mL", "price": "$3.50", "price_calculation": "$0.47 per 100mL", "category": "Household"},
{"title": "Bref Power Active Gel Eucalyptus | 700mL", "price": "$3.50", "price_calculation": "$0.50 per 100mL", "category": "Household"},
{"title": "Coles Firelighters | 24 pack", "price": "$3.60", "price_calculation": "$0.15 per 1ea", "category": "Household"},
{"title": "Coles Ultra Surface Spray Disinfectant Spring Fresh | 300g", "price": "$4.00", "price_calculation": "$1.33 per 100g", "category": "Household"},
{"title": "Glad Wavetop Tie Small Kitchen Bags | 50 pack", "price": "$4.25", "price_calculation": "$8.50 per 100ea", "category": "Household"},
{"title": "Glad To Be Green Plant Bio Based Kt Bags Small | 35 pack", "price": "$5.00", "price_calculation": "$0.14 per 1ea", "category": "Household"},
{"title": "Ambi Pur Febreze Extra Strength Fabric Freshener Trigger Spray | 370mL", "price": "$6.50", "price_calculation": "$17.57 per 1L", "category": "Household"},
{"title": "Multix Greener Baking Paper | 25 metre", "price": "$7.50", "price_calculation": "$0.30 per 1M", "category": "Household"},
{"title": "Icare Recycled Toilet Tissue Double Length | 6 pack", "price": "$7.50", "price_calculation": "$0.35 per 100ea", "category": "Household"},
{"title": "Multix Extra Wide Garbage Bags 85cm x 70cm 56L | 50 pack", "price": "$9.00", "price_calculation": "$18.00 per 100ea", "category": "Household"},
{"title": "Dishmatic Heavy Duty Refill | 6 pack", "price": "$9.30", "price_calculation": "$1.55 per 1ea", "category": "Household"},
{"title": "Cuddly Japanese Cherry Blossom Fabric Conditioner | 900mL", "price": "$10.00", "price_calculation": "$11.11 per 1L", "category": "Household"},
{"title": "Radiant Whites Or Colours Laundry Liquid Washing Detergent | 2L", "price": "$10.00", "price_calculation": "$5.00 per 1L", "category": "Household"},
{"title": "Pine O Cleen Antibacterial Laundry Sanitiser Odour Active | 2L", "price": "$11.25", "price_calculation": "$5.63 per 1L", "category": "Household"},
{"title": "Cook & Dine Food Containers 650mL | 25 pack", "price": "$12.00", "price_calculation": "$0.48 per 1ea", "category": "Household"},
{"title": "Dettol Multipurpose Wipes Lemon | 110 pack", "price": "$12.00", "price_calculation": "$10.91 per 100ea", "category": "Household"},
{"title": "Coles Alkaline AAA | 24 pack", "price": "$14.00", "price_calculation": "$0.58 per 1ea", "category": "Household"},
{"title": "Coles Steel Wool Soap Pads | 10 pack", "price": "$1.30", "price_calculation": "$0.13 per 1ea", "category": "Household"},
{"title": "Coles Happy Birthday Candles | 12 pack", "price": "$1.85", "price_calculation": "$0.15 per 1ea", "category": "Household"},
{"title": "Coles Ultra Oxi Bleach Tropical Toilet Gel | 700mL", "price": "$2.30", "price_calculation": "$0.33 per 100mL", "category": "Household"},
{"title": "Coles Ultra Wipes Glass & Window | 50 pack", "price": "$2.50", "price_calculation": "$5.00 per 100ea", "category": "Household"},
{"title": "Coles Ultra Antibacterial Wipes Stand Up Pouch | 40 pack", "price": "$2.60", "price_calculation": "$0.07 per 1ea", "category": "Household"},
{"title": "Multix Drawtight Garbage Bags 120cm x 80cm | 3 pack", "price": "$2.85", "price_calculation": "$0.95 per 1ea", "category": "Household"},
{"title": "Bref Purple Active Lavender | 50g", "price": "$3.50", "price_calculation": "$7.00 per 100g", "category": "Household"},
{"title": "Cook & Dine Bamboo Skewers | 250 pack", "price": "$3.50", "price_calculation": "$0.01 per 1ea", "category": "Household"},
{"title": "Dettol Healthy Clean Antibacterial Bathroom Cleaner Trigger Spray | 500mL", "price": "$4.00", "price_calculation": "$0.80 per 100mL", "category": "Household"},
{"title": "Handy Andy Clorox All Purpose Green Cleaner  | 750mL", "price": "$4.00", "price_calculation": "$0.53 per 100mL", "category": "Household"},
{"title": "Coles BBQ Aluminium Medium Trays | 3 pack", "price": "$4.00", "price_calculation": "$1.33 per 1ea", "category": "Household"},
{"title": "Coles Ultra Liquid Dish Brush With Refill | 1 each", "price": "$4.20", "price_calculation": "$4.20 per 1ea", "category": "Household"},
{"title": "Windex Glass Cleaner | 500mL", "price": "$4.80", "price_calculation": "$0.96 per 100mL", "category": "Household"},
{"title": "Organic Choice Orange Bergamot & Wild Lavender Luxe Laundry Liquid | 1L", "price": "$5.25", "price_calculation": "$5.25 per 1L", "category": "Household"},
{"title": "Gumption Multi -Purpose Cleaner | 500g", "price": "$5.30", "price_calculation": "$1.06 per 100g", "category": "Household"},
{"title": "ITO En Lychee Ice Tea | 535mL", "price": "$2.50", "price_calculation": "$0.47 per 100mL", "category": "Pantry"},
{"title": "Queen Finest Natural Peppermint Extract | 50mL", "price": "$2.50", "price_calculation": "$0.50 per 10mL", "category": "Pantry"},
{"title": "King Oscar Snack For One Chilli | 45g", "price": "$2.50", "price_calculation": "$55.57 per 1kg", "category": "Pantry"},
{"title": "Coles Aioli | 150g", "price": "$2.50", "price_calculation": "$16.67 per 1kg", "category": "Pantry"},
{"title": "Coles Bake & Create Raspberry Candy Toppers | 80g", "price": "$2.50", "price_calculation": "$3.13 per 100g", "category": "Pantry"},
{"title": "Coles Bake & Create Caramel Candy Toppers | 80g", "price": "$2.50", "price_calculation": "$3.13 per 100g", "category": "Pantry"},
{"title": "Ayam Coconut Milk Tetra Edge | 200mL", "price": null, "price_calculation": null, "category": "Pantry"},
{"title": "Ayam Coconut Cream Tetra Edge | 200mL", "price": null, "price_calculation": null, "category": "Pantry"},
{"title": "Keep It Cleaner Bliss Mini Peanut Caramel | 30g", "price": null, "price_calculation": null, "category": "Pantry"},
{"title": "Hoyts Lemon Pepper | 50g", "price": "$2.60", "price_calculation": "$0.52 per 10g", "category": "Pantry"},
{"title": "Blue Dinosaur Bites Cheesecake Base | 30g", "price": "$2.60", "price_calculation": "$8.67 per 100g", "category": "Pantry"},
{"title": "Blue Dinosaur Bites Chocolate Brownie | 30g", "price": "$2.60", "price_calculation": "$8.67 per 100g", "category": "Pantry"},
{"title": "Blue Dinosaur Bites White Chocolate | 30g", "price": "$2.60", "price_calculation": "$8.67 per 100g", "category": "Pantry"},
{"title": "Fanta Grape | 355mL", "price": "$2.70", "price_calculation": "$0.76 per 100mL", "category": "Pantry"},
{"title": "Fanta Strawberry | 355mL", "price": "$2.70", "price_calculation": "$0.76 per 100mL", "category": "Pantry"},
{"title": "Coles Salmon Pink | 105g", "price": null, "price_calculation": null, "category": "Pantry"},
{"title": "Coles Asia Sweet Chilli Sauce | 310mL", "price": null, "price_calculation": null, "category": "Pantry"},
{"title": "Dole Tropical Fruit Chunks In Light Syrup | 432g", "price": "$2.80", "price_calculation": "$6.48 per 1kg", "category": "Pantry"},
{"title": "Myojo Noodles Charmee | 375g", "price": "$2.90", "price_calculation": "$0.77 per 100g", "category": "Pantry"},
{"title": "Edgell Sliced Beetroot  | 825g", "price": "$3.00", "price_calculation": "$3.64 per 1kg", "category": "Pantry"},
{"title": "Twinings Infused Camomile & Spiced Apple Tea Bags | 10 pack", "price": "$3.00", "price_calculation": "$0.30 per 1ea", "category": "Pantry"},
{"title": "Twinings English Breakfast Extra Strong Tea Bags | 10 pack", "price": "$3.00", "price_calculation": "$0.30 per 1ea", "category": "Pantry"},
{"title": "Twinings Darjeeling Tea Bags | 10 pack", "price": "$3.00", "price_calculation": "$0.30 per 1ea", "category": "Pantry"},
{"title": "Twining's Green Tea & Jasmine Tea Bags | 10 pack", "price": "$3.00", "price_calculation": "$0.30 per 1ea", "category": "Pantry"},
{"title": "Krumbled Collagen Beauty Bites Triple Chocolate Chip | 32g", "price": "$3.00", "price_calculation": "$9.38 per 100g", "category": "Pantry"},
{"title": "Eclipse Peppermint Chewing Gum Sugar Free 4x14g | 56g", "price": "$3.00", "price_calculation": "$5.36 per 100g", "category": "Pantry"},
{"title": "Nice & Natural Protein Wholeseed Cranberry Bars | 1 each", "price": "$6.00", "price_calculation": "$4.00 per 100g", "category": "Pantry"},
{"title": "Ready Chef Mac & Cheese | 800g", "price": "$10.00", "price_calculation": "$1.25 per 100g", "category": "Dairy, Eggs & Fridge"},
{"title": "Sugar Honey Grass Jelly | 540g", "price": null, "price_calculation": null, "category": "Pantry"},
{"title": "Great Ocean Road Tasty Cheese Block | 500g", "price": "$10.30", "price_calculation": "$20.60 per 1kg", "category": "Dairy, Eggs & Fridge"},
{"title": "Sunrice Red Rice Pouch | 250g", "price": "$3.00", "price_calculation": "$1.20 per 100g", "category": "Pantry"},
{"title": "Lemnos Fetta Traditional | 400g", "price": "$11.00", "price_calculation": "$27.50 per 1kg", "category": "Dairy, Eggs & Fridge"},
{"title": "Campbell's V8 Tropical Juice | 1.25L", "price": "$5.50", "price_calculation": "$4.40 per 1L", "category": "Drinks"},
{"title": "Canadian Club Whisky 700mL | 1 Each", "price": "$45.00", "price_calculation": "$64.29 per 1L", "category": "Liquor"},
{"title": "Twinings Russian Caravan Tea Bags | 10 pack", "price": "$3.00", "price_calculation": "$0.30 per 1ea", "category": "Pantry"},
{"title": "400 Gradi Fior Di Latte & Garlic Pizza | 400g", "price": "$12.00", "price_calculation": "$3.00 per 100g", "category": "Dairy, Eggs & Fridge"},
{"title": "Coles Fat Free Instant Skim Milk Powder | 1kg", "price": "$10.00", "price_calculation": "$1.00 per 100g", "category": "Drinks"},
{"title": "Two Towns Adelaide Pinot Gris 750mL | 1 Each", "price": "$22.00", "price_calculation": "$29.33 per 1L", "category": "Liquor"},
{"title": "Ayam Thai Panang Curry Paste | 195g", "price": null, "price_calculation": null, "category": "Pantry"},
{"title": "Cadbury Dairy Milk Chocolate Pudding | 560g", "price": "$12.00", "price_calculation": "$2.14 per 100g", "category": "Dairy, Eggs & Fridge"},
{"title": "A2 Full Cream Instant Milk Powder | 1kg", "price": "$18.00", "price_calculation": "$1.80 per 100g", "category": "Drinks"},
{"title": "ROCK PAPER SCISSORS ROCK PAPER SCISSORS SAUVI", "price": null, "price_calculation": null, "category": "Liquor"},
{"title": "MasterFoods Dill Leaf Tips | 10g", "price": "$3.20", "price_calculation": "$3.20 per 10g", "category": "Pantry"},
{"title": "Jarlsberg Original Cheese Block | 500g", "price": "$18.00", "price_calculation": "$36.00 per 1kg", "category": "Dairy, Eggs & Fridge"},
{"title": "Coles No Sugar Soft Drink Lemonade | 2L", "price": "$1.10", "price_calculation": "$0.55 per 1L", "category": "Drinks"},
{"title": "Evans & Tate Classic Margaret River Sem Sauv Blan 750mL | 1 Each", "price": "$16.00", "price_calculation": "$21.33 per 1L", "category": "Liquor"},
{"title": "Mckenzie's Egg Replacer | 70g", "price": "$3.25", "price_calculation": "$4.64 per 100g", "category": "Pantry"},
{"title": "Mon Pere Brie | approx 100g", "price": "$5.50", "price_calculation": "$55.00 per 1kg", "category": "Dairy, Eggs & Fridge"},
{"title": "Coles Lightly Sparkling Natural Water | 1.25L", "price": "$1.50", "price_calculation": "$1.20 per 1L", "category": "Drinks"},
{"title": "Pure Blonde Bottle 355mL | 6 Pack", "price": "$19.00", "price_calculation": "$8.92 per 1L", "category": "Liquor"},
{"title": "The Han Kitchen Organic Somen Noodles | 270g", "price": null, "price_calculation": null, "category": "Pantry"},
{"title": "Coles Deli Castello White Cheese | approx140g", "price": "$7.70", "price_calculation": "$55.00 per 1kg", "category": "Dairy, Eggs & Fridge"},
{"title": "Twining's Strawberry Raspberry & Loganberry Infusions Tea Bags | 10 Pack", "price": "$1.50", "price_calculation": "$0.15 per 1ea", "category": "Drinks"},
{"title": "Penfolds Koonunga Hill Shiraz Cabernet 750mL | 1 Each", "price": "$14.00", "price_calculation": "$18.67 per 1L", "category": "Liquor"},
{"title": "The Han Kitchen Organic Glass Noodles | 120g", "price": null, "price_calculation": null, "category": "Pantry"},
{"title": "Coles Finest Australian Organic Double Cream Brie | approx 150g", "price": "$10.50", "price_calculation": "$70.00 per 1kg", "category": "Dairy, Eggs & Fridge"},
{"title": "Pauls Bluey Chocolate Flavoured Milk | 250mL", "price": "$2.25", "price_calculation": "$9.00 per 1L", "category": "Drinks"},
{"title": "Squealing Pig Pinot Noir Rose 750mL | 1 Each", "price": "$20.00", "price_calculation": "$26.67 per 1L", "category": "Liquor"},
{"title": "Coles Wellness Road Australian Linseeds | 500g", "price": "$3.30", "price_calculation": "$0.66 per 100g", "category": "Pantry"},
{"title": "King Island Diary Triple Cream Cheese | approx200g", "price": "$15.20", "price_calculation": "$76.00 per 1kg", "category": "Dairy, Eggs & Fridge"},
{"title": "Coles Fruit Drink Orange Mango | 2L", "price": "$2.30", "price_calculation": "$1.15 per 1L", "category": "Drinks"},
{"title": "Hardys Tintara Mclaren Vale Shiraz 750mL | 1 Each", "price": "$30.00", "price_calculation": "$40.00 per 1L", "category": "Liquor"},
{"title": "Coles Asia Hoisin Sauce | 340mL", "price": null, "price_calculation": null, "category": "Pantry"},
{"title": "Jalna Farm To Pot Organic Yoghurt Greek | 170g", "price": "$2.50", "price_calculation": "$1.47 per 100g", "category": "Dairy, Eggs & Fridge"},
{"title": "Remedy Shot Immune Plus | 60mL", "price": "$2.50", "price_calculation": "$41.67 per 1L", "category": "Drinks"},
{"title": "Woodstock Bourbon & Cola 6% 375mL | 4 Pack", "price": "$23.00", "price_calculation": "$15.33 per 1L", "category": "Liquor"},
{"title": "Coles Cheddar Snack Pack | 132g", "price": "$3.40", "price_calculation": "$2.58 per 100g", "category": "Pantry"},
{"title": "Stonefire Roasted Garlic Naan 2 pack | 250g", "price": "$3.00", "price_calculation": "$1.20 per 100g", "category": "Dairy, Eggs & Fridge"},
{"title": "Golden Circle 100% Tropical Juice No Added Sugar Pineapple Fruit Juices | 2L", "price": "$3.50", "price_calculation": "$1.75 per 1L", "category": "Drinks"},
{"title": "Hammer N Tongs Gold Block Can 330mL | 30 Pack", "price": "$36.00", "price_calculation": "$0.36 per 100mL", "category": "Liquor"},
{"title": "Ayam Hawker Market Thai Pad See Ew Sauce | 200g", "price": "$3.50", "price_calculation": "$1.75 per 100g", "category": "Pantry"},
{"title": "Don Mild Salami & Cheese Stix | 40g", "price": "$3.00", "price_calculation": "$75.00 per 1kg", "category": "Dairy, Eggs & Fridge"},
{"title": "Avalanche Drinking Chocolate | 200g", "price": "$3.80", "price_calculation": "$1.90 per 100g", "category": "Drinks"},
{"title": "Tangled Vine Chardonnay Cask 4 Litre | 1 Each", "price": "$14.00", "price_calculation": null, "category": "Liquor"},
{"title": "Keens Coconut Lentil Curry Recipe Base | 285g", "price": "$3.50", "price_calculation": "$1.23 per 100g", "category": "Pantry"},
{"title": "Coles Tasty Cheese Slices Hungarian Salami & Watercrackers | 50g", "price": "$3.30", "price_calculation": "$6.60 per 100g", "category": "Dairy, Eggs & Fridge"},
{"title": "Gatorade Lemon Lime Sports Drink | 600mL", "price": "$3.85", "price_calculation": "$6.42 per 1L", "category": "Drinks"},
{"title": "Wynns 'The Siding' Cabernet Sauvignon 750mL | 1 Each", "price": "$14.00", "price_calculation": "$18.67 per 1L", "category": "Liquor"},
{"title": "Olinas Lavosh New French Onion & Pepper Crackers | 110g", "price": "$3.50", "price_calculation": "$3.18 per 100g", "category": "Pantry"},
{"title": "Coles Nature's Kitchen Ginger & Chilli Tofu | 200g", "price": "$3.50", "price_calculation": "$1.75 per 100g", "category": "Dairy, Eggs & Fridge"},
{"title": "Fanta Orange Soft Drink Multipack Mini Cans 6x250mL | 6 pack", "price": "$5.80", "price_calculation": "$3.87 per 1L", "category": "Drinks"},
{"title": "Banrock Station Sauvignon Blanc Cask 2 Litre | 1 Each", "price": "$12.00", "price_calculation": "$6.00 per 1L", "category": "Liquor"},
{"title": "Snackboy Macro Mike Pro Macro Mike Protein Ball White Choc Cookie Butter | 40g", "price": "$3.50", "price_calculation": "$8.75 per 100g", "category": "Pantry"},
{"title": "Yarra Valley Cheese Salted Honey Cow | 80g", "price": "$3.65", "price_calculation": "$45.63 per 1kg", "category": "Dairy, Eggs & Fridge"},
{"title": "Devondale Instant Full Cream Milk Powder | 1kg", "price": "$14.95", "price_calculation": "$1.50 per 100g", "category": "Drinks"},
{"title": "Tangled Vine Cabernet Merlot Cask 4 Litre | 1 Each", "price": "$14.00", "price_calculation": "$3.50 per 1L", "category": "Liquor"},
{"title": "Snackboy Keto Ball Keto Ball Hazelnut Brownie | 40g", "price": "$3.50", "price_calculation": "$8.75 per 100g", "category": "Pantry"},
{"title": "Coles Natures Kitchen Sweet Potato & Blackbean Burger | 250g", "price": "$3.75", "price_calculation": "$1.50 per 100g", "category": "Dairy, Eggs & Fridge"},
{"title": "Just Juice Apple Juice | 1L", "price": "$2.50", "price_calculation": "$2.50 per 1L", "category": "Drinks"},
{"title": "XXXX Gold Bottle 375mL | 6 Pack", "price": "$15.00", "price_calculation": "$6.67 per 1L", "category": "Liquor"},
{"title": "Keep It Cleaner Bliss Bar Sea Salt Caramel | 40g", "price": null, "price_calculation": null, "category": "Pantry"},
{"title": "Red Rock Deli Roast Pumpkin And Onion Dip | 150g", "price": "$4.00", "price_calculation": "$2.67 per 100g", "category": "Dairy, Eggs & Fridge"},
{"title": "Nobles Pureau Water Pure Table | 2L", "price": "$2.75", "price_calculation": "$1.38 per 1L", "category": "Drinks"},
{"title": "Wild Turkey Kentucky Straight Bourbon Whiskey 1L | 1 Each", "price": "$73.00", "price_calculation": "$73.00 per 1L", "category": "Liquor"},
{"title": "Keep It Cleaner Bliss Bar Rocky Road | 40g", "price": null, "price_calculation": null, "category": "Pantry"},
{"title": "Philadelphia Portions Cream Cheese Light Spread | 150g", "price": "$4.00", "price_calculation": "$26.67 per 1kg", "category": "Dairy, Eggs & Fridge"},
{"title": "Lipton Ice Drink Tea Peach No Sugar | 500mL", "price": "$2.85", "price_calculation": "$5.70 per 1L", "category": "Drinks"},
{"title": "The Stubborn Few Shiraz Cask 2 Litre | 1 Each", "price": "$9.00", "price_calculation": "$0.08 per 100mL", "category": "Liquor"},
{"title": "Keep It Cleaner Bliss Bar Choc Honeycomb | 40g", "price": null, "price_calculation": null, "category": "Pantry"},
{"title": "Obela Hommus Garnished Tabouli | 220g", "price": "$4.00", "price_calculation": "$1.82 per 100g", "category": "Dairy, Eggs & Fridge"},
{"title": "Mount Franklin Sparklin Water Natural Bottle | 450mL", "price": "$2.95", "price_calculation": "$6.56 per 1L", "category": "Drinks"},
{"title": "Mountain Goat Goat Lager Can 375mL | 24 Pack", "price": "$51.00", "price_calculation": "$5.67 per 1L", "category": "Liquor"},
{"title": "Coles Nature's Kitchen Cauliflower Pizza Base | 170g", "price": "$4.20", "price_calculation": "$2.47 per 100g", "category": "Dairy, Eggs & Fridge"},
{"title": "Fanta Soft Drink Raspberry | 600mL", "price": "$3.20", "price_calculation": "$5.33 per 1L", "category": "Drinks"},
{"title": "Lindemans Bin 45 Cabernet Sauvignon 750mL | 1 Each", "price": "$8.00", "price_calculation": "$10.67 per 1L", "category": "Liquor"},
{"title": "Primo Duos Cabanossi And Cheese | 50g", "price": "$4.25", "price_calculation": "$8.50 per 100g", "category": "Dairy, Eggs & Fridge"},
{"title": "Musashi Energy Drink Fruit Crush | 500mL", "price": "$4.35", "price_calculation": "$8.70 per 1L", "category": "Drinks"},
{"title": "Stella Artois Bottle 330mL | 6 Pack", "price": "$18.00", "price_calculation": "$0.91 per 100mL", "category": "Liquor"},
{"title": "Primo Mild Pepperoni Twiggy Pizza Shapes & Tasty Cheese | 54g", "price": "$4.25", "price_calculation": "$7.87 per 100g", "category": "Dairy, Eggs & Fridge"},
{"title": "Nestle Coffee Mate Whitener | 400g", "price": "$4.50", "price_calculation": "$1.13 per 100g", "category": "Drinks"},
{"title": "Oyster Bay Chardonnay 750mL | 1 Each", "price": "$22.00", "price_calculation": "$29.33 per 1L", "category": "Liquor"},
{"title": "Coles Caramel Cheesecake 2 Pack | 180g", "price": "$4.30", "price_calculation": "$2.39 per 100g", "category": "Dairy, Eggs & Fridge"},
{"title": "Impressed Easy Greens Juice | 1L", "price": "$5.50", "price_calculation": "$5.50 per 1L", "category": "Drinks"},
{"title": "Glenfiddich 12YO Single Malt Scotch Whisky 700mL | 1 Each", "price": "$95.00", "price_calculation": "$135.72 per 1L", "category": "Liquor"},
{"title": "Coles Danish Blue Cheese | 100g", "price": "$4.40", "price_calculation": "$44.00 per 1kg", "category": "Dairy, Eggs & Fridge"},
{"title": "Daily Juice No Added Sugar Orange Juice | 3L", "price": "$7.00", "price_calculation": "$2.33 per 1L", "category": "Drinks"},
{"title": "Moet & Chandon Brut Imperial NV Champagne 750mL | 1 Each", "price": "$82.00", "price_calculation": "$109.33 per 1L", "category": "Liquor"},
{"title": "Island Berries Tasmania Panna Cotta Salted Caramel Sauce | 145g", "price": "$4.50", "price_calculation": "$3.10 per 100g", "category": "Dairy, Eggs & Fridge"},
{"title": "Nudie Tropical Breakfast Juice Chilled | 2L", "price": "$8.00", "price_calculation": "$4.00 per 1L", "category": "Drinks"},
{"title": "Vodka Cruiser Pure Pineapple 275mL | 4 pack", "price": "$20.00", "price_calculation": "$1.82 per 100mL", "category": "Liquor"},
{"title": "Coles Kitchen High Protein Pizza Base | 260g", "price": "$4.50", "price_calculation": "$1.73 per 100g", "category": "Dairy, Eggs & Fridge"},
{"title": "Moccona Classic Medium Decaffeinated Instant Coffee | 100g", "price": "$12.50", "price_calculation": "$12.50 per 100g", "category": "Drinks"},
{"title": "Whispers Spumante 750mL | 1 Each", "price": "$5.00", "price_calculation": "$0.67 per 100mL", "category": "Liquor"},
{"title": "Living Planet Goats Long Life Milk | 1L", "price": "$4.70", "price_calculation": "$4.70 per 1L", "category": "Dairy, Eggs & Fridge"},
{"title": "Coles Dry Ginger Ale | 1.25L", "price": "$0.90", "price_calculation": "$0.72 per 1L", "category": "Drinks"},
{"title": "Wild Turkey & Cola Can 375mL | 4 Pack", "price": "$24.00", "price_calculation": "$1.60 per 100mL", "category": "Liquor"},
{"title": "Pitango Soup Smoky Tomato Lentil | 350g", "price": "$4.75", "price_calculation": "$1.36 per 100g", "category": "Dairy, Eggs & Fridge"},
{"title": "Schweppes Infused Raspberry Mineral Water | 1.1L", "price": "$1.50", "price_calculation": "$1.36 per 1L", "category": "Drinks"},
{"title": "St Helena Brandy 700mL | 1 Each", "price": "$36.00", "price_calculation": "$51.43 per 1L", "category": "Liquor"},
{"title": "Australian Gold Dairy Cheese Brie | 115g", "price": "$4.95", "price_calculation": "$43.04 per 1kg", "category": "Dairy, Eggs & Fridge"},
{"title": "V Energy Refresh Drink Citrus Lemonade Can | 250mL", "price": "$2.35", "price_calculation": "$9.40 per 1L", "category": "Drinks"},
{"title": "Black Bottle Brandy 700mL | 1 Each", "price": "$39.00", "price_calculation": "$55.72 per 1L", "category": "Liquor"},
{"title": "Woofin Good Chunks In Gravy Chicken Rice & Veg Dog Food | 720g", "price": "$3.00", "price_calculation": "$0.42 per 100g", "category": "Pet"},
{"title": "Coles Nature's Kitchen Smokey Potato Black Bean Sausages | 250g", "price": "$5.00", "price_calculation": "$2.00 per 100g", "category": "Dairy, Eggs & Fridge"},
{"title": "Just Juice Orange Juice | 1L", "price": "$2.50", "price_calculation": "$2.50 per 1L", "category": "Drinks"},
{"title": "Coopers Original Pale Ale Bottle 375mL | 6 Pack", "price": "$20.00", "price_calculation": "$0.89 per 100mL", "category": "Liquor"},
{"title": "Nature's Gift Adult All Breeds Wet Dog Food Casserole Gravy Kangaroo & Vegetables | 700g", "price": "$3.50", "price_calculation": "$0.50 per 100g", "category": "Pet"},
{"title": "Wildly Good Pumpkin & Caramelised Onion Burgers | 250g", "price": "$5.00", "price_calculation": "$2.00 per 100g", "category": "Dairy, Eggs & Fridge"},
{"title": "Remedy Limited Batch Kombucha | 330mL", "price": "$2.90", "price_calculation": "$8.79 per 1L", "category": "Drinks"},
{"title": "Penfolds Koonunga Hill Cabernet Sauvignon Bvs 750mL | 1 Each", "price": "$14.00", "price_calculation": "$18.67 per 1L", "category": "Liquor"},
{"title": "Pedigree Casserole With Beef & Gravy Adult Wet Dog Food Can | 1.2kg", "price": "$4.00", "price_calculation": "$0.33 per 100g", "category": "Pet"},
{"title": "Hans Striker Mild Salami Sticks | 105g", "price": "$5.10", "price_calculation": "$48.57 per 1kg", "category": "Dairy, Eggs & Fridge"},
{"title": "Ribena Blackcurrant Fruit Drink | 500mL", "price": "$3.10", "price_calculation": "$6.20 per 1L", "category": "Drinks"},
{"title": "San Juan Lager Bottle 330mL | 6 Pack", "price": "$12.00", "price_calculation": null, "category": "Liquor"},
{"title": "4 Legs Slow Cooked Beef Pumpkin Broccoli & Cous Cous Dog Food | 250g", "price": "$4.00", "price_calculation": "$1.60 per 100g", "category": "Pet"},
{"title": "Beijing Sliced Garlic Tofu Pieces | 200g", "price": "$5.20", "price_calculation": "$2.60 per 100g", "category": "Dairy, Eggs & Fridge"},
{"title": "Fanta Orange Zero Sugar Soft Drink Bottle | 600mL", "price": "$3.20", "price_calculation": "$5.33 per 1L", "category": "Drinks"},
{"title": "Zilzie Estate Shiraz 750mL | 1 Each", "price": "$7.00", "price_calculation": "$9.33 per 1L", "category": "Liquor"},
{"title": "Vitapet Chicken Wrapped Rawhide Sticks | 5 pack", "price": "$4.10", "price_calculation": "$0.82 per 1ea", "category": "Pet"},
{"title": "Riverina Dairy Fetta Smooth | 200g", "price": "$5.30", "price_calculation": "$26.50 per 1kg", "category": "Dairy, Eggs & Fridge"},
{"title": "Golden Circle 100 Percent Orange Mango Juice | 2L", "price": "$3.50", "price_calculation": "$1.75 per 1L", "category": "Drinks"},
{"title": "Mercury Hard Cider Blackcurrant Can 375mL | 6 Pack", "price": "$19.00", "price_calculation": "$8.44 per 1L", "category": "Liquor"},
{"title": "Prime Pantry Jerky Dog Treat Chicken | 100g", "price": "$6.80", "price_calculation": "$6.80 per 100g", "category": "Pet"},
{"title": "Philadelphia Light Cream Cheese Block | 250g", "price": "$5.70", "price_calculation": "$22.80 per 1kg", "category": "Dairy, Eggs & Fridge"},
{"title": "Diet Rite Apple Raspberry Cordial | 1L", "price": "$3.50", "price_calculation": "$3.50 per 1L", "category": "Drinks"},
{"title": "Whispers Sparkling White 750mL | 1 Each", "price": "$5.00", "price_calculation": "$6.67 per 1L", "category": "Liquor"},
{"title": "4 Legs Wellness Boost With Kangaroo Vegies & Fruit Meatballs Dog Food Tray | 870g", "price": "$7.80", "price_calculation": "$0.90 per 100g", "category": "Pet"},
{"title": "Coles Dutch Edam | 230g", "price": "$6.00", "price_calculation": "$26.09 per 1kg", "category": "Dairy, Eggs & Fridge"},
{"title": "Jarrah Brazilian Cafe Latte Coffee | 250g", "price": "$3.75", "price_calculation": "$1.50 per 100g", "category": "Drinks"},
{"title": "Somersby Pear Cider Can 375mL | 10 Pack", "price": "$22.00", "price_calculation": "$5.87 per 1L", "category": "Liquor"},
{"title": "Dine Cuts In Gravy With Turkey Wet Cat Food 85g Tray | 7 pack", "price": "$9.00", "price_calculation": "$1.51 per 100g", "category": "Pet"},
{"title": "Veef Plant Based Premium Chicken Burger | 240g", "price": "$6.00", "price_calculation": "$2.50 per 100g", "category": "Dairy, Eggs & Fridge"},
{"title": "Nescafe Scorched Almond Salted Caramel Mocha Sachets 10X18g | 10 pack", "price": "$3.80", "price_calculation": "$0.38 per 1ea", "category": "Drinks"},
{"title": "Two Towns Barossa Shiraz 750mL | 1 Each", "price": "$22.00", "price_calculation": "$2.93 per 100mL", "category": "Liquor"},
{"title": "Fussy Cat Grain Free Twice as Tasty Adult Wet Cat Food Pate & Pieces 12x80gm | 12 pack", "price": "$9.45", "price_calculation": "$0.98 per 100g", "category": "Pet"},
{"title": "Castello Blue Cheese Mini 5 Pack | 95g", "price": "$6.20", "price_calculation": "$65.26 per 1kg", "category": "Dairy, Eggs & Fridge"},
{"title": "Pure Tassie Organic Apple Juice Chilled | 1.5L", "price": "$4.50", "price_calculation": "$3.00 per 1L", "category": "Drinks"},
{"title": "Carlton Draught Bottle 375mL | 6 Pack", "price": "$19.00", "price_calculation": "$0.84 per 100mL", "category": "Liquor"},
{"title": "My Dog Adult Wet Dog Food Classic Loaf With Gourmet Beef 6x100G Trays | 6 pack", "price": "$9.50", "price_calculation": "$1.58 per 100g", "category": "Pet"},
{"title": "Lemnos Roasted Garlic And Rosemary Haloumi | 180g", "price": "$6.20", "price_calculation": "$34.45 per 1kg", "category": "Dairy, Eggs & Fridge"},
{"title": "The Juice Brothers Troppo Juice | 1.5L", "price": "$5.00", "price_calculation": "$3.33 per 1L", "category": "Drinks"},
{"title": "Canadian Club Dry 4.8% Bottle 330mL | 4 Pack", "price": "$21.00", "price_calculation": "$1.59 per 100mL", "category": "Liquor"},
{"title": "Woofin Good Chicken Tenders Dog Treat | 200g", "price": "$10.00", "price_calculation": "$5.00 per 100g", "category": "Pet"},
{"title": "Riverina Dairy Haloumi Basil | 180g", "price": "$6.30", "price_calculation": "$35.00 per 1kg", "category": "Dairy, Eggs & Fridge"},
{"title": "Nescafe Blend 43 Espresso Instant Coffee | 150g", "price": "$5.75", "price_calculation": "$3.83 per 100g", "category": "Drinks"},
{"title": "Whispers Pinot Grigio 750mL | 1 Each", "price": "$5.00", "price_calculation": "$6.67 per 1L", "category": "Liquor"},
{"title": "Elevate Adult Dog Chicken Chunks With Peas & Sweet Potato In Gravy 12X100g | 12 pack", "price": "$10.50", "price_calculation": "$0.88 per 100g", "category": "Pet"},
{"title": "Castello Aged Havarti | 200g", "price": "$6.50", "price_calculation": "$32.50 per 1kg", "category": "Dairy, Eggs & Fridge"},
{"title": "Coles Lightly Sparkling Spring Water 500mL | 12 pack", "price": "$6.20", "price_calculation": "$1.03 per 1L", "category": "Drinks"},
{"title": "Hahn Super Dry Can 375mL | 8 Pack", "price": "$21.00", "price_calculation": "$7.00 per 1L", "category": "Liquor"},
{"title": "Whiskas 1+ Years So Fishy Recipe Ocean Platter In Jelly Cat Food 85g | 12 pack", "price": "$13.50", "price_calculation": "$1.32 per 100g", "category": "Pet"},
{"title": "South Cape Club Cheddar Trilogy Roasted Onion & Chive Vintage Smoked | 140g", "price": "$6.50", "price_calculation": "$46.43 per 1kg", "category": "Dairy, Eggs & Fridge"},
{"title": "Bundaberg Brewed Drink Ginger Beer Diet 4x375mL | 4 pack", "price": "$6.45", "price_calculation": "$4.30 per 1L", "category": "Drinks"},
{"title": "Macro Meats Pets Mince | 2kg", "price": "$13.50", "price_calculation": "$0.68 per 100g", "category": "Pet"},
{"title": "Herbert Adams Wholemeal Quiche Sweet Potato Goats Cheese | 200g", "price": "$6.90", "price_calculation": "$3.45 per 100g", "category": "Dairy, Eggs & Fridge"},
{"title": "Lavazza Qualita Oro Medium Roast Smooth Ground Coffee | 500g", "price": "$20.00", "price_calculation": "$4.00 per 100g", "category": "Drinks"},
{"title": "Purina One Adult Dry Cat Food Hairball Chicken | 1.4kg", "price": "$17.00", "price_calculation": "$1.21 per 100g", "category": "Pet"},
{"title": "Wildly Good Sweet Corn Spring Onion Fritter Bites | 210g", "price": "$7.00", "price_calculation": "$3.33 per 100g", "category": "Dairy, Eggs & Fridge"},
{"title": "Coles Cat Litter Crystal | 6kg", "price": "$31.00", "price_calculation": "$5.17 per 1kg", "category": "Pet"},
{"title": "Pet Treat Bar Kangaroo Tail Segments | approx 100g", "price": "$6.00", "price_calculation": "$60.00 per 1kg", "category": "Pet"},
{"title": "Pet Treat Bar Premium Beef Liver Treats | approx 100g", "price": "$6.00", "price_calculation": "$60.00 per 1kg", "category": "Pet"},
{"title": "Pet Treat Bar Toothbrush | approx 100g", "price": "$6.00", "price_calculation": "$60.00 per 1kg", "category": "Pet"},
{"title": "Coles Cat Food Beef & Liver | 400g", "price": "$1.75", "price_calculation": "$0.44 per 100g", "category": "Pet"},
{"title": "Optimum Lamb & Rice Adult Wet Dog Food Tray | 100g", "price": "$1.80", "price_calculation": "$1.80 per 100g", "category": "Pet"},
{"title": "Optimum Adult Dog Food With Real Kangaroo & Vegetables | 100g", "price": "$1.80", "price_calculation": "$1.80 per 100g", "category": "Pet"},
{"title": "My Dog Shredded Meals Kangaroo Dog Food | 100g", "price": "$1.80", "price_calculation": "$1.80 per 100g", "category": "Pet"},
{"title": "Purina One Succulent Chicken In Gravy Hairball Cat Food Pouch | 70g", "price": "$2.00", "price_calculation": "$2.86 per 100g", "category": "Pet"},
{"title": "Bow Wow Chicken Fillets Dog Treat | 1 pack", "price": "$2.00", "price_calculation": "$2.00 per 1ea", "category": "Pet"},
{"title": "Fancy Feast Medleys Tender Turkey Tuscany With Rice & Garden Greens Cat Food | 85g", "price": "$2.30", "price_calculation": "$2.71 per 100g", "category": "Pet"},
{"title": "Fussy Cat Grain Free Crunchers Adult Cat Treats Chicken | 100g", "price": "$2.80", "price_calculation": "$2.80 per 100g", "category": "Pet"},
{"title": "My Dog Classic Loaf With Tender Beef & Veal Can Wet Dog Food | 680g", "price": "$4.50", "price_calculation": "$0.66 per 100g", "category": "Pet"},
{"title": "Coles Chunky Recipe Chilled Fresh Dog & Cat Food Mince | 800g", "price": "$5.10", "price_calculation": "$0.64 per 100g", "category": "Pet"},
{"title": "Lux And Bones Kitty Kievs Cat Food Chicken & Tuna | 40g", "price": "$5.50", "price_calculation": "$13.75 per 100g", "category": "Pet"},
{"title": "Whiskas Milk Plus Cat Treat | 1L", "price": "$5.50", "price_calculation": "$0.55 per 100mL", "category": "Pet"},
{"title": "Bow Wow All Natural Rabbit Ears Dog Treat | 10 pack", "price": "$5.95", "price_calculation": "$0.60 per 1ea", "category": "Pet"},
{"title": "Trill Bird Seed Small Parrot Mix | 1.8Kg", "price": "$6.00", "price_calculation": null, "category": "Pet"},
{"title": "Fancy Feast Petit Cuisine Chicken Turkey Cat Food 6x50g | 6 pack", "price": "$6.30", "price_calculation": "$2.10 per 100g", "category": "Pet"},
{"title": "Fussy Cat Grain Free Adult Chilled Fresh Cat Food Prime Steak Mince with Chicken | 450g", "price": "$6.50", "price_calculation": "$1.44 per 100g", "category": "Pet"},
{"title": "Schmackos Strapz With Beef Dog Treats | 200g", "price": "$7.50", "price_calculation": "$3.75 per 100g", "category": "Pet"},
{"title": "Purina Lucky Dog Bones Original Dog Treat | 800g", "price": "$8.50", "price_calculation": "$1.06 per 100g", "category": "Pet"},
{"title": "Coles Bird Seed Wildbird | 5kg", "price": "$9.95", "price_calculation": "$0.20 per 100g", "category": "Pet"},
{"title": "Ultimates Indulge Responsibly Fished Tuna & Barramundi Cat Food Canned  | 85g", "price": "$2.00", "price_calculation": "$2.35 per 100g", "category": "Pet"},
{"title": "My Dog Classic Loaf With Tender Beef & Veal Can Wet Dog Food | 400g", "price": "$2.10", "price_calculation": "$0.53 per 100g", "category": "Pet"},
{"title": "Optimum Beef & Rice Wet Dog Food Can Adult | 400g", "price": "$2.80", "price_calculation": "$0.70 per 100g", "category": "Pet"},
{"title": "Optimum Adult With Chicken & Rice Wet Dog Food Can | 400g", "price": "$2.80", "price_calculation": "$0.70 per 100g", "category": "Pet"},
{"title": "Vtech Spin & Learn Colours Torch | 1 each", "price": "$21.00", "price_calculation": "$21.00 per 1ea", "category": "Household"},
{"title": "Off Botanicals Insect Repellant Spray | 95mL", "price": "$10.50", "price_calculation": "$11.05 per 100mL", "category": "Household"},
{"title": "Redheads Utility Gasmatch | 1 each", "price": "$10.60", "price_calculation": "$10.60 per 1ea", "category": "Household"},
{"title": "Yates Tomato & Vegetable Dust | 500g", "price": "$10.70", "price_calculation": "$2.14 per 100g", "category": "Household"},
{"title": "Yates Ant & Roach Dust | 500g", "price": "$10.80", "price_calculation": "$2.16 per 100g", "category": "Household"},
{"title": "Cook & Dine Apron Black | 1 each", "price": null, "price_calculation": null, "category": "Household"},
{"title": "Mirabella Reflector R50 ES Globe Warm White Led 6W 470 Lumens | 1 each", "price": "$11.00", "price_calculation": "$11.00 per 1ea", "category": "Household"},
{"title": "Mirabella Reflector R63 ES Globe Warm White Led 8W 600 Lumens | 1 each", "price": "$11.00", "price_calculation": "$11.00 per 1ea", "category": "Household"},
{"title": "Intensity Fine Pop Art | 6 pack", "price": "$11.00", "price_calculation": null, "category": "Household"},
{"title": "Sistema To Go Lunch Stack 1.8L | 1 each", "price": "$11.00", "price_calculation": "$11.00 per 1ea", "category": "Household"},
{"title": "Coles Laundry Hamper | 1 each", "price": "$11.00", "price_calculation": "$11.00 per 1ea", "category": "Household"},
{"title": "Outdoor Life Rear Trigger Hand Sprayer | 1 each", "price": "$11.00", "price_calculation": "$11.00 per 1ea", "category": "Household"},
{"title": "Bref Deluxe Delicate Magnolia Twin Pack | 100g", "price": "$11.00", "price_calculation": "$11.00 per 100g", "category": "Household"},
{"title": "Scholl Party Feet Heel Shield | 1 each", "price": "$11.00", "price_calculation": "$5.50 per 1ea", "category": "Household"},
{"title": "Selleys Power Grip Plastics Glue | 3g", "price": "$11.00", "price_calculation": "$36.67 per 10g", "category": "Household"},
{"title": "Bonds Womens Modern Cottontails Assorted 16 & 18 | 2 pack", "price": "$11.00", "price_calculation": "$5.50 per 1ea", "category": "Household"},
{"title": "Scholl Party Feet Ball Of Foot Gel Cushions | 1 Pair", "price": "$11.00", "price_calculation": "$11.00 per 1ea", "category": "Household"},
{"title": "Fisher Price Laugh & Learn Tablet | 1 each", "price": "$22.50", "price_calculation": "$22.50 per 1ea", "category": "Household"},
{"title": "Wiltshire Piping Set | 1 each", "price": "$11.40", "price_calculation": "$11.40 per 1ea", "category": "Household"},
{"title": "Wiltshire Flexible Muffin Pan 6 Cup | 1 each", "price": "$11.40", "price_calculation": null, "category": "Household"},
{"title": "Elmer's Unicorn Slime Kit | 1 each", "price": "$11.40", "price_calculation": "$11.40 per 1ea", "category": "Household"},
{"title": "Faber-Castell Inspiration Pastel Set | 20 pack", "price": "$11.50", "price_calculation": "$0.58 per 1ea", "category": "Household"},
{"title": "Glen 20 Gold 24H Protection Lavender | 300g", "price": "$11.50", "price_calculation": "$3.83 per 100g", "category": "Household"},
{"title": "CUB Beanie Bootie & Mitten Set | 1 pack", "price": "$11.50", "price_calculation": "$11.50 per 1ea", "category": "Household"},
{"title": "Yates Baythroid Pest Killer Rtu | 750mL", "price": "$11.60", "price_calculation": "$1.55 per 100mL", "category": "Household"},
{"title": "Decor Jumbo Chug Titan Bottle 2.2L | 1 each", "price": "$11.90", "price_calculation": "$11.90 per 1ea", "category": "Household"},
{"title": "Magazine Pink | 1 each", "price": "$11.99", "price_calculation": null, "category": "Household"},
{"title": "Mortein Citronella Outdoor Candle | 150g", "price": "$12.00", "price_calculation": "$8.00 per 100g", "category": "Household"},
{"title": "Combat Roach Bait Strips | 20g", "price": "$12.00", "price_calculation": "$60.00 per 100g", "category": "Household"},
{"title": "Scotts Osmocote Plus Organics Plant Food | 800g", "price": "$12.00", "price_calculation": null, "category": "Household"},
{"title": "Crest Compact Push Lights | 2 pack", "price": "$12.00", "price_calculation": "$12.00 per 1kgM", "category": "Household"},
{"title": "Mix No Shine Opaque Tights 120 Denier Black Ave/Tall | 1 pack", "price": "$12.00", "price_calculation": "$12.00 per 1ea", "category": "Household"},
{"title": "Mix Fuller Figure Tight 40D Black Size 1 | 2 pack", "price": "$12.00", "price_calculation": "$6.00 per 1ea", "category": "Household"},
{"title": "Cook & Dine Soda Glasses 300mL | 6 pack", "price": "$12.00", "price_calculation": null, "category": "Household"},
{"title": "Combat Ant Rid Gel Baits | 4 pack", "price": "$12.00", "price_calculation": "$3.00 per 1ea", "category": "Household"},
{"title": "Coles Light Globes LED GLS ES 11W 1040L Cool White | 2 pack", "price": "$12.00", "price_calculation": "$6.00 per 1ea", "category": "Household"},
{"title": "Tradie Mens Acrylic Work Socks 7-10 Black | 3 pack", "price": "$12.00", "price_calculation": "$4.00 per 1ea", "category": "Household"},
{"title": "Tradie Mens Acrylic Work Socks 11-13 Black | 3 pack", "price": "$12.00", "price_calculation": "$4.00 per 1ea", "category": "Household"},
{"title": "Aerogard Repellent For Kids Roll On | 50mL", "price": "$12.00", "price_calculation": "$24.00 per 100mL", "category": "Household"},
{"title": "Crayola Super Tips Washable Med Tip Markers | 20 pack", "price": "$12.00", "price_calculation": null, "category": "Household"},
{"title": "Coles Oven Trays | 3 pack", "price": "$12.00", "price_calculation": "$4.00 per 1ea", "category": "Household"},
{"title": "Aerogard Naturals Roll On | 50mL", "price": "$12.00", "price_calculation": "$12.00 per 1ea", "category": "Household"},
{"title": "Coles Terry Tea Towels Grey | 5 pack", "price": "$12.00", "price_calculation": "$2.40 per 1ea", "category": "Household"},
{"title": "Coles Terry Tea Towels Pink | 5 pack", "price": "$12.00", "price_calculation": "$2.40 per 1ea", "category": "Household"},
{"title": "Tradie Lady Acrylic Crew Black Size 5-8 | 3 pack", "price": "$12.00", "price_calculation": "$4.00 per 1ea", "category": "Household"},
{"title": "Fila Fxt Medium Muscle Band | 1 each", "price": "$12.00", "price_calculation": "$12.00 per 1ea", "category": "Household"},
{"title": "Size 5 Basketball | 1 each", "price": "$12.00", "price_calculation": "$12.00 per 1ea", "category": "Household"},
{"title": "Aerogard Tropical Aerosol Repellent | 150g", "price": "$12.00", "price_calculation": "$8.00 per 100g", "category": "Household"},
{"title": "SEPPELT SEPPELT JEALOUS RIVALS SH", "price": null, "price_calculation": null, "category": "Liquor"},
{"title": "Brewmanity The Social Beast Pale Ale Can 375mL | 6 Pack", "price": "$25.00", "price_calculation": "$1.11 per 100mL", "category": "Liquor"},
{"title": "Billson's Creamy Soda Vodka Mixed Drink 355mL | 24 Pack", "price": "$130.00", "price_calculation": "$15.26 per 1L", "category": "Liquor"},
{"title": "Native Spirits McLaren Vale Modern Gin By Never Never 500mL | 1 Each", "price": "$60.00", "price_calculation": "$120.00 per 1L", "category": "Liquor"},
{"title": "Native Spirits Perth Gin By Spirits of Little Things 500mL | 1 Each", "price": "$60.00", "price_calculation": "$120.00 per 1L", "category": "Liquor"},
{"title": "White Claw Hard Seltzer Mango 330mL | 24 Pack", "price": "$96.00", "price_calculation": "$12.12 per 1L", "category": "Liquor"},
{"title": "Vodka Cruiser Sugar Free Mixed Bottle 275mL | 30 Pack", "price": "$100.00", "price_calculation": null, "category": "Liquor"},
{"title": "Billson's Portello Vodka Mixed Drink 355mL | 24 Pack", "price": "$130.00", "price_calculation": "$15.26 per 1L", "category": "Liquor"},
{"title": "Triple G Australian Dry Gin 700mL | 1 Each", "price": "$52.00", "price_calculation": "$74.29 per 1L", "category": "Liquor"},
{"title": "Victoria Bitter Bottle 750mL | 12 Pack", "price": "$67.50", "price_calculation": "$7.50 per 1L", "category": "Liquor"},
{"title": "Somersby Pear Cider Can 375mL | 30 Pack", "price": "$75.00", "price_calculation": "$6.67 per 1L", "category": "Liquor"},
{"title": "Ketel One Vodka 700mL | 1 Each", "price": "$75.00", "price_calculation": "$107.14 per 1L", "category": "Liquor"},
{"title": "Kaiju Krush Tropical Ale Can 375mL | 24 Pack", "price": "$77.00", "price_calculation": "$0.86 per 100mL", "category": "Liquor"},
{"title": "Penfolds Grandfather Fine Old Liqueur Tawny 750mL | 1 Each", "price": "$105.00", "price_calculation": "$140.00 per 1L", "category": "Liquor"},
{"title": "-196 Double Lemon & Vodka Can 330ml | 30 Pack", "price": "$135.00", "price_calculation": "$13.64 per 1L", "category": "Liquor"},
{"title": "Jack Daniels Double Jack & No Sugar Cans 375mL | 24 Pack", "price": "$146.00", "price_calculation": "$16.22 per 1L", "category": "Liquor"},
{"title": "Vodka Cruiser Double Raspberry Can 375mL | 24 Pack", "price": "$137.00", "price_calculation": "$15.22 per 1L", "category": "Liquor"},
{"title": "Moon Dog Lager Can 330mL | 24 Pack", "price": "$57.00", "price_calculation": "$7.20 per 1L", "category": "Liquor"},
{"title": "Fat Pixie Lower Sugar Strawberry & Lime Cider Can 375mL | 24 Pack", "price": "$58.00", "price_calculation": "$6.44 per 1L", "category": "Liquor"},
{"title": "Coopers Sparkling Ale Bottle 750mL | 12 Pack", "price": "$68.00", "price_calculation": "$0.76 per 100mL", "category": "Liquor"},
{"title": "Mountain Goat Organic Steam Ale Can 375mL | 24 Pack", "price": "$69.00", "price_calculation": "$7.67 per 1L", "category": "Liquor"},
{"title": "Wandering Distillery Odyssey Gin 700mL | 1 Each", "price": "$76.00", "price_calculation": "$108.57 per 1L", "category": "Liquor"},
{"title": "Brookvale Union Ginger Beer Tropical Can 330mL | 24 Pack", "price": "$83.00", "price_calculation": "$10.48 per 1L", "category": "Liquor"},
{"title": "Boatrocker Jungle Gin 700mL | 1 Each", "price": "$85.00", "price_calculation": "$121.43 per 1L", "category": "Liquor"},
{"title": "Billson's Grape Bubblegum Vodka Mixed Drink Can 355mL | 24 Pack", "price": "$130.00", "price_calculation": "$15.26 per 1L", "category": "Liquor"},
{"title": "Rocky Jones Signature Gin 700mL | 1 Each", "price": "$72.00", "price_calculation": "$102.86 per 1L", "category": "Liquor"},
{"title": "Cruiser Spritz Summer Berry Can 275mL | 24 Pack", "price": "$81.00", "price_calculation": "$12.27 per 1L", "category": "Liquor"},
{"title": "CBCo Bertie Cold Pressed Apple Cider Can 375mL | 24 Pack", "price": "$74.00", "price_calculation": "$8.22 per 1L", "category": "Liquor"},
{"title": "XXXX Gold Can 375mL | 24 Pack", "price": "$51.00", "price_calculation": "$5.67 per 1L", "category": "Liquor"},
{"title": "Deeds Double Time Hazy Pale Can 375mL | 24 Pack", "price": "$60.00", "price_calculation": "$6.67 per 1L", "category": "Liquor"},
{"title": "Vodka Cruiser Double Guava Can 375mL | 24 Pack", "price": "$137.00", "price_calculation": "$15.22 per 1L", "category": "Liquor"},
{"title": "Dainton Flamingo Pink Lemonade Sour Can 355mL | 4 Pack", "price": "$15.00", "price_calculation": "$10.56 per 1L", "category": "Liquor"},
{"title": "Oakdene Rose 750mL | 1 Each", "price": "$26.00", "price_calculation": "$34.67 per 1L", "category": "Liquor"},
{"title": "Antipodes Espresso Liqueur 200mL | 1 Each", "price": "$30.00", "price_calculation": "$150.00 per 1L", "category": "Liquor"},
{"title": "Pizzini Brachetto 750mL | 1 Each", "price": "$30.00", "price_calculation": "$40.00 per 1L", "category": "Liquor"},
{"title": "Native Spirits Tasmanian Pepperberry Gin By Lawrenny 500mL | 1 Each", "price": "$55.00", "price_calculation": "$110.00 per 1L", "category": "Liquor"},
{"title": "Stonier Pinot Noir 750mL | 1 Each", "price": "$40.00", "price_calculation": "$53.33 per 1L", "category": "Liquor"},
{"title": "Bodriggy Speccy Juice Hazy IPA Can 355mL | 24 Pack", "price": "$60.00", "price_calculation": "$7.04 per 1L", "category": "Liquor"},
{"title": "Billson's Tropical Punch Vodka Mixed Drink Can 355mL | 24 Pack", "price": "$130.00", "price_calculation": "$15.26 per 1L", "category": "Liquor"},
{"title": "Penfolds St Henri Shiraz 2017 750mL | 1 Each", "price": "$135.00", "price_calculation": "$180.00 per 1L", "category": "Liquor"},
{"title": "Melbourne Bitter Bottle 750mL | 12 Pack", "price": "$76.00", "price_calculation": "$8.44 per 1L", "category": "Liquor"},
{"title": "West Coast Cooler Bottles 250mL | 24 Pack", "price": "$86.00", "price_calculation": "$14.33 per 1L", "category": "Liquor"},
{"title": "Midori Illusion Bottle 275mL | 24 Pack", "price": "$104.00", "price_calculation": "$15.76 per 1L", "category": "Liquor"},
{"title": "Vodka Cruiser Double Lemon Lime Can 375mL | 24 Pack", "price": "$137.00", "price_calculation": "$15.22 per 1L", "category": "Liquor"},
{"title": "Jack Daniels American Serve & Cola 250mL | 24 Pack", "price": "$156.00", "price_calculation": "$26.00 per 1L", "category": "Liquor"},
{"title": "Dal Zotto Fiano 750mL | 1 Each", "price": "$31.00", "price_calculation": "$41.33 per 1L", "category": "Liquor"},
{"title": "Just Pink Gin Soda 330mL | 16 Pack", "price": "$76.00", "price_calculation": "$14.39 per 1L", "category": "Liquor"},
{"title": "Queenscliff Distillery Citrus Gin 700mL | 1 Each", "price": "$77.00", "price_calculation": "$110.00 per 1L", "category": "Liquor"},
{"title": "Beyond By Babylove Newborn Nappies Size 1 (Up To 5Kg) | 56 pack", "price": "$28.00", "price_calculation": "$50.00 per 100ea", "category": "Baby"},
{"title": "Beyond By Babylove Infant Nappies Size 2 (3-8Kg) | 52 pack", "price": "$28.00", "price_calculation": "$53.85 per 100ea", "category": "Baby"},
{"title": "Coles Antibacterial Hand Wash Sweet Orange | 1L", "price": "$3.00", "price_calculation": "$0.30 per 100mL", "category": "Health & Beauty"},
{"title": "Big M Strawberry Flavoured Milk | 750mL", "price": "$4.30", "price_calculation": "$5.73 per 1L", "category": "Dairy, Eggs & Fridge"},
{"title": "Alula S-26 Gold Lactose Intolerance Infant Formula 0-12 Months | 900g", "price": "$29.00", "price_calculation": "$3.22 per 100g", "category": "Baby"},
{"title": "Swisspers Cotton Round Make Up Pads | 80 pack", "price": "$3.28", "price_calculation": "$4.10 per 100ea", "category": "Health & Beauty"},
{"title": "Coles Kitchen Smoked Ham & Tasty Cheese Sandwch | 130g", "price": "$4.30", "price_calculation": "$3.31 per 100g", "category": "Dairy, Eggs & Fridge"},
{"title": "S-26 GOLD ALULA SOY FORMULA | 900g", "price": "$29.00", "price_calculation": "$3.22 per 100g", "category": "Baby"},
{"title": "Colgate Triple Action Toothpaste | 165g", "price": "$3.50", "price_calculation": "$2.12 per 100g", "category": "Health & Beauty"},
{"title": "Dare Butterscotch Flavoured Milk | 750mL", "price": "$4.80", "price_calculation": "$6.40 per 1L", "category": "Dairy, Eggs & Fridge"},
{"title": "CUB Zip Coverall Bear Pattern And Grey | 2 pack", "price": "$29.00", "price_calculation": "$14.50 per 1ea", "category": "Baby"},
{"title": "Colgate 360 Degree Medium Toothbrush | 1 pack", "price": "$5.00", "price_calculation": "$5.00 per 1ea", "category": "Health & Beauty"},
{"title": "Coles Beef Ravioli Pasta | 600g", "price": "$5.00", "price_calculation": "$0.83 per 100g", "category": "Dairy, Eggs & Fridge"},
{"title": "CUB Zip Coverall Yellow | 2 pack", "price": "$29.00", "price_calculation": "$14.50 per 1ea", "category": "Baby"},
{"title": "Dove Triple Moisturising Body Wash | 1L", "price": "$17.00", "price_calculation": "$1.70 per 100mL", "category": "Health & Beauty"},
{"title": "Activia Low Fat Strawberry Yoghurt 4x125g | 500g", "price": "$5.75", "price_calculation": "$1.15 per 100g", "category": "Dairy, Eggs & Fridge"},
{"title": "Aptamil Sensitive Stage 3 900g | 1 each", "price": "$29.00", "price_calculation": "$3.22 per 100g", "category": "Baby"},
{"title": "Oral B 3D White 2 In 1 Whitening Long Lasting Freshness Paste | 110g", "price": "$2.75", "price_calculation": "$2.50 per 100g", "category": "Health & Beauty"},
{"title": "Activia Low Fat Field Berries Yoghurt 4x125g | 500g", "price": "$5.75", "price_calculation": "$1.15 per 100g", "category": "Dairy, Eggs & Fridge"},
{"title": "Alula S-26 Gold Reflux Infant Formula 0-12 Months | 900g", "price": "$29.00", "price_calculation": "$3.22 per 100g", "category": "Baby"},
{"title": "Ostelin Vitamin D 1000IU D3 Capsules For Bones + Immunity | 130 pack", "price": "$13.92", "price_calculation": "$0.11 per 1ea", "category": "Health & Beauty"},
{"title": "Mersey Valley Club Classic Cheddar Cheese | 235g", "price": "$7.00", "price_calculation": "$29.79 per 1kg", "category": "Dairy, Eggs & Fridge"},
{"title": "Tommee Tippee Baby Grooming & Healthcare Kit | 1 pack", "price": "$29.50", "price_calculation": "$29.50 per 1ea", "category": "Baby"},
{"title": "Coles Antibacterial Hand Wash Refill Aloe Vera & Chamomile | 1L", "price": "$3.00", "price_calculation": "$0.30 per 100mL", "category": "Health & Beauty"},
{"title": "Coles Deli Fetta Cheese | approx 100g", "price": "$2.25", "price_calculation": "$22.50 per 1kg", "category": "Dairy, Eggs & Fridge"},
{"title": "Alula S-26 Gold Delicateeze Infant Formula 0-12Months | 850g", "price": "$30.00", "price_calculation": "$3.53 per 100g", "category": "Baby"},
{"title": "Dove Rejuvenate Pomegranate Body Wash | 1L", "price": "$17.00", "price_calculation": "$1.70 per 100mL", "category": "Health & Beauty"},
{"title": "Coles Squeezie Vanilla Yoghurt Pouch | 70g", "price": "$0.75", "price_calculation": "$1.07 per 100g", "category": "Dairy, Eggs & Fridge"},
{"title": "Babylove Cosifit Nappies Size 4 (9-14Kg) | 60 pack", "price": "$30.00", "price_calculation": "$50.00 per 100ea", "category": "Baby"},
{"title": "Coles Paracetamol Hard Gel Capsules | 20 pack", "price": "$1.25", "price_calculation": "$0.06 per 1ea", "category": "Health & Beauty"},
{"title": "Blue Diamond Almond Breeze Unsweetened Almond Milk | 1L", "price": "$2.10", "price_calculation": "$2.10 per 1L", "category": "Dairy, Eggs & Fridge"},
{"title": "Babylove Cosifit Newborn Nappies Size 1 (Up To 5Kg) | 84 pack", "price": "$30.00", "price_calculation": "$35.71 per 100ea", "category": "Baby"},
{"title": "Poise Liners For Bladder Leaks Light | 18 pack", "price": "$3.70", "price_calculation": "$0.21 per 1ea", "category": "Health & Beauty"},
{"title": "Bulla Aussie Style Yoghurt Vanilla | 160g", "price": "$2.40", "price_calculation": "$1.50 per 100g", "category": "Dairy, Eggs & Fridge"},
{"title": "Rascal + Friends Nappies Size 3 | 136 pack", "price": null, "price_calculation": null, "category": "Baby"},
{"title": "Colgate Sensitive Multiprotection Toothpaste | 110g", "price": "$9.00", "price_calculation": "$8.18 per 100g", "category": "Health & Beauty"},
{"title": "Danone YoPro Passionfruit Yoghurt | 160g", "price": "$3.00", "price_calculation": "$1.88 per 100g", "category": "Dairy, Eggs & Fridge"},
{"title": "Sophie La Girafe Teether | 1 pack", "price": "$35.50", "price_calculation": "$35.50 per 1ea", "category": "Baby"},
{"title": "Libra Goodnights Extra Long With Wings Pads | 10 pack", "price": "$5.00", "price_calculation": "$0.50 per 1ea", "category": "Health & Beauty"},
{"title": "Farmhouse Gold Full Cream Milk  | 750mL", "price": "$3.20", "price_calculation": "$4.27 per 1L", "category": "Dairy, Eggs & Fridge"},
{"title": "Alula Advance+ Toddler Stage 3 Formula | 800g", "price": "$36.00", "price_calculation": "$4.50 per 100g", "category": "Baby"},
{"title": "Coles Cotton Balls | 200 pack", "price": "$2.00", "price_calculation": "$1.00 per 100ea", "category": "Health & Beauty"},
{"title": "Yumi's Gluten Free Green Olive Classic Dip | 200g", "price": "$3.50", "price_calculation": "$1.75 per 100g", "category": "Dairy, Eggs & Fridge"},
{"title": "Alula Advance+ Junior Stage 4 Formula | 800g", "price": "$36.00", "price_calculation": "$4.50 per 100g", "category": "Baby"},
{"title": "Colgate Total Original Toothpaste | 115g", "price": "$4.00", "price_calculation": "$3.48 per 100g", "category": "Health & Beauty"},
{"title": "Dairylea Cheddar Cheese Slices 12 Pack | 250g", "price": "$5.00", "price_calculation": "$20.00 per 1kg", "category": "Dairy, Eggs & Fridge"},
{"title": "Biostime SN-2 Bio Plus HPO Follow-On Formula 6-12 Months | 800g", "price": "$37.00", "price_calculation": "$4.63 per 100g", "category": "Baby"},
{"title": "U by Kotex Ultrathin Overnight Pads Long With Wings | 8 pack", "price": "$5.00", "price_calculation": "$0.63 per 1ea", "category": "Health & Beauty"},
{"title": "Coles Vintage Cheese Block | 250g", "price": "$5.00", "price_calculation": "$20.00 per 1kg", "category": "Dairy, Eggs & Fridge"},
{"title": "Biostime SN-2 Bio Plus HPO Toddler Milk Drink 12+ Months | 800g", "price": "$37.00", "price_calculation": "$4.63 per 100g", "category": "Baby"},
{"title": "Colgate 360 Degree Soft Toothbrush | 1 pack", "price": "$5.00", "price_calculation": "$5.00 per 1ea", "category": "Health & Beauty"},
{"title": "Yumi's Classic Falafel Balls | 225g", "price": "$5.50", "price_calculation": "$2.44 per 100g", "category": "Dairy, Eggs & Fridge"},
{"title": "Bubs Supreme A2 Stage 3 Toddler Milk Drink | 800g", "price": "$38.00", "price_calculation": "$4.75 per 100g", "category": "Baby"},
{"title": "Palmolive Anti-Bacterial Lime Liquid Hand Wash | 250mL", "price": "$1.80", "price_calculation": "$0.72 per 100mL", "category": "Health & Beauty"},
{"title": "Philadelphia Light Cream Cheese Tub | 250g", "price": "$5.70", "price_calculation": "$22.80 per 1kg", "category": "Dairy, Eggs & Fridge"},
{"title": "Alula Advance+ Follow On Stage 2 Formula | 800g", "price": "$40.00", "price_calculation": "$5.00 per 100g", "category": "Baby"},
{"title": "Libra Liners Dry & Long | 30 pack", "price": "$3.50", "price_calculation": "$0.12 per 1ea", "category": "Health & Beauty"},
{"title": "Devondale Regular Butter Blend | 500g", "price": "$6.00", "price_calculation": "$1.20 per 100g", "category": "Dairy, Eggs & Fridge"},
{"title": "Bubs Supreme A2 Stage 2 Follow-On Formula | 800g", "price": "$40.00", "price_calculation": "$5.00 per 100g", "category": "Baby"},
{"title": "Libra Exta Regular With Wings Pads | 14 pack", "price": "$5.00", "price_calculation": "$0.36 per 1ea", "category": "Health & Beauty"},
{"title": "Perfect Italiano Parmesan Cheese Block | 200g", "price": "$7.00", "price_calculation": "$35.00 per 1kg", "category": "Dairy, Eggs & Fridge"},
{"title": "Oli6 Stage 2 Goat Milk Follow On Formula 6-12 Months | 800g", "price": "$40.50", "price_calculation": "$5.06 per 100g", "category": "Baby"},
{"title": "U by Kotex Ultrathin Pads Super With Wings | 12 pack", "price": "$5.00", "price_calculation": "$0.42 per 1ea", "category": "Health & Beauty"},
{"title": "Dairylea Less Fat Light Cheese Slices 24 Pack | 432g", "price": "$7.50", "price_calculation": "$17.36 per 1kg", "category": "Dairy, Eggs & Fridge"},
{"title": "Oli6 Stage 3 Goat Milk Toddler Drink 1-3 Years | 800g", "price": "$40.50", "price_calculation": "$5.06 per 100g", "category": "Baby"},
{"title": "U by Kotex Ultrathin Pads Regular With Wings | 14 pack", "price": "$5.00", "price_calculation": "$0.36 per 1ea", "category": "Health & Beauty"},
{"title": "Ready Chef Pork & Beef Lasagne | 1.9kg", "price": "$16.00", "price_calculation": "$0.84 per 100g", "category": "Dairy, Eggs & Fridge"},
{"title": "Huggies Ultimate Nappy Pants Size 6 (15kg & Over) | 46 pack", "price": "$41.00", "price_calculation": "$89.13 per 100ea", "category": "Baby"},
{"title": "Colgate Total Charcoal Deep Clean Multi Benefit Toothpaste | 115g", "price": "$6.50", "price_calculation": "$5.65 per 100g", "category": "Health & Beauty"},
{"title": "Pauls Kids Yoghurt Strawberry Pink | 70g", "price": "$1.15", "price_calculation": "$1.64 per 100g", "category": "Dairy, Eggs & Fridge"},
{"title": "Alula Gold Allergy Infant Formula 0-12 months | 800g", "price": "$42.00", "price_calculation": "$5.25 per 100g", "category": "Baby"},
{"title": "Pears Soap Bar Lemon Flower | 100g", "price": "$1.25", "price_calculation": "$1.25 per 100g", "category": "Health & Beauty"},
{"title": "Vaalia Probiotics Banana Kids Yoghurt Pouch | 140g", "price": "$1.60", "price_calculation": "$1.14 per 100g", "category": "Dairy, Eggs & Fridge"},
{"title": "Colgate Total Multi Benefit Toothpaste | 40g", "price": "$2.00", "price_calculation": "$5.00 per 100g", "category": "Health & Beauty"},
{"title": "Chobani Caramel Sunshine Flip Yoghurt | 140g", "price": "$3.50", "price_calculation": "$2.50 per 100g", "category": "Dairy, Eggs & Fridge"},
{"title": "Nurofen Zavance Fast Pain Relief Tablets 256mg Ibuprofen | 12 pack", "price": "$4.50", "price_calculation": "$0.38 per 1ea", "category": "Health & Beauty"},
{"title": "Dairy Farmers Thick & Creamy Strawberry Yoghurt | 600g", "price": "$4.50", "price_calculation": "$0.75 per 100g", "category": "Dairy, Eggs & Fridge"},
{"title": "Colgate Total Original Toothpaste | 200g", "price": "$5.50", "price_calculation": "$2.75 per 100g", "category": "Health & Beauty"},
{"title": "Dare Caramel Latte Flavoured Milk | 750mL", "price": "$4.80", "price_calculation": "$6.40 per 1L", "category": "Dairy, Eggs & Fridge"},
{"title": "Colgate Sensitive Whitening Toothpaste | 110g", "price": "$9.00", "price_calculation": "$8.18 per 100g", "category": "Health & Beauty"},
{"title": "Dari's Lentil Soup | 550g", "price": "$5.50", "price_calculation": "$1.00 per 100g", "category": "Dairy, Eggs & Fridge"},
{"title": "U By Kotex Ultrathin Overnight Pads With Wings | 10 pack", "price": "$5.00", "price_calculation": "$0.50 per 1ea", "category": "Health & Beauty"},
{"title": "Oak Classic Chocolate Flavoured Milk | 2L", "price": "$6.50", "price_calculation": "$3.25 per 1L", "category": "Dairy, Eggs & Fridge"},
{"title": "Libra Goodnight Extra Long & Wide | 6 pack", "price": "$5.00", "price_calculation": null, "category": "Health & Beauty"},
{"title": "Perfect Italiano Shredded Mozzarella | 250g", "price": "$6.50", "price_calculation": "$26.00 per 1kg", "category": "Dairy, Eggs & Fridge"},
{"title": "Vicks Vapodrop Original Menthol Lozenges | 42 pack", "price": "$5.35", "price_calculation": "$0.13 per 1ea", "category": "Health & Beauty"},
{"title": "Sunny Queen Free Range Large Eggs 12 pack | 600g", "price": "$6.80", "price_calculation": "$1.13 per 100g", "category": "Dairy, Eggs & Fridge"},
{"title": "Colgate Sensitive Pro Relief Whitening Toothpaste | 110g", "price": "$5.50", "price_calculation": "$5.00 per 100g", "category": "Health & Beauty"},
{"title": "Vaalia Kids Lactose Free Vanilla Yoghurt Pouch | 140g", "price": "$1.60", "price_calculation": "$1.14 per 100g", "category": "Dairy, Eggs & Fridge"},
{"title": "Listerine Freshburst Antibacterial Mouthwash | 500mL", "price": "$8.00", "price_calculation": "$1.60 per 100mL", "category": "Health & Beauty"},
{"title": "Vaalia Kids Tropical Yoghurt Pouch | 140g", "price": "$1.60", "price_calculation": "$1.14 per 100g", "category": "Dairy, Eggs & Fridge"},
{"title": "Oral B 3D White  2 In 1 Whitening Strengthens Enamel Paste | 110g", "price": "$2.75", "price_calculation": "$2.50 per 100g", "category": "Health & Beauty"},
{"title": "Pureharvest Unsweetened Almond Milk | 1L", "price": "$2.00", "price_calculation": "$2.00 per 1L", "category": "Dairy, Eggs & Fridge"},
{"title": "Coles Revitalising Ocean Breeze Body Wash | 1L", "price": "$4.00", "price_calculation": "$0.40 per 100mL", "category": "Health & Beauty"},
{"title": "Chobani Greek Yogurt Strawberry Banana | 160g", "price": "$2.00", "price_calculation": "$1.25 per 100g", "category": "Dairy, Eggs & Fridge"},
{"title": "Libra Regular Ultra Thin Pads | 14 pack", "price": "$5.00", "price_calculation": "$0.36 per 1ea", "category": "Health & Beauty"},
{"title": "La Famiglia  Garlic Bread | 170g", "price": "$3.00", "price_calculation": "$1.76 per 100g", "category": "Dairy, Eggs & Fridge"},
{"title": "Libra Pads Ultra Thin Super Wing | 12 pack", "price": "$5.00", "price_calculation": "$0.42 per 1ea", "category": "Health & Beauty"},
{"title": "Chobani Flip Yogurt Limited Edition | 140g", "price": "$3.50", "price_calculation": "$2.50 per 100g", "category": "Dairy, Eggs & Fridge"},
{"title": "Imperial Leather Original Bar Soap Toilet Soap | 6 pack", "price": "$5.30", "price_calculation": "$0.88 per 100g", "category": "Health & Beauty"},
{"title": "Bulla Dairy Low Fat Plain Cottage Cheese | 200g", "price": "$3.80", "price_calculation": "$19.00 per 1kg", "category": "Dairy, Eggs & Fridge"},
{"title": "Nurofen Zavance Fast Pain Relief Liquid Capsules 200mg Ibuprofen | 24 pack", "price": "$5.40", "price_calculation": "$0.23 per 1ea", "category": "Health & Beauty"},
{"title": "Gippsland Dairy Yoghurt Apple Rhubarb | 700g", "price": "$5.00", "price_calculation": "$0.71 per 100g", "category": "Dairy, Eggs & Fridge"},
{"title": "Colgate Sensitive Pro Relief Repair & Prevent Toothpaste | 110g", "price": "$5.50", "price_calculation": "$5.00 per 100g", "category": "Health & Beauty"},
{"title": "Coles Australian Light Shredded Mozzarella | 250g", "price": "$5.00", "price_calculation": "$20.00 per 1kg", "category": "Dairy, Eggs & Fridge"},
{"title": "Panadol Paracetamol Liquid Capsules | 20 pack", "price": "$5.75", "price_calculation": "$0.29 per 1ea", "category": "Health & Beauty"},
{"title": "Coles Dairy Tasty Cheese Block | 250g", "price": "$5.00", "price_calculation": "$20.00 per 1kg", "category": "Dairy, Eggs & Fridge"},
{"title": "Hismile ToothpasteWatermelon | 60g", "price": "$6.50", "price_calculation": "$10.83 per 100g", "category": "Health & Beauty"},
{"title": "Tibaldi Ham Off The Bone | 120g", "price": "$5.00", "price_calculation": "$41.67 per 1kg", "category": "Dairy, Eggs & Fridge"},
{"title": "Cenovis Mega Vitamin C 1000mg Tablets For Immunity | 60 pack", "price": "$5.55", "price_calculation": "$0.09 per 1ea", "category": "Health & Beauty"},
{"title": "Babybel Mini Cheese Original | 100g", "price": "$6.25", "price_calculation": "$62.50 per 1kg", "category": "Dairy, Eggs & Fridge"},
{"title": "Palmolive Chery Blossom Shower Gel | 1L", "price": "$6.00", "price_calculation": "$0.60 per 100mL", "category": "Health & Beauty"},
{"title": "Palmolive Japanese Cherry Blossom Foaming Hand Wash Sanitiser Liquid Refill | 1L", "price": "$6.80", "price_calculation": "$0.68 per 100mL", "category": "Health & Beauty"},
{"title": "Dove Women Antiperspirant Invisible Dry | 220mL", "price": "$8.50", "price_calculation": "$3.86 per 100mL", "category": "Health & Beauty"},
{"title": "Colgate Total Advanced Clean Toothpaste | 200g", "price": "$10.00", "price_calculation": "$5.00 per 100g", "category": "Health & Beauty"},
{"title": "Devour Naked Smoky Beef Burrito Frozen Meal | 400g", "price": "$8.00", "price_calculation": "$2.00 per 100g", "category": "Frozen"},
{"title": "Charlotte's Bakery Slow Cooked Steak & Pepper Pies 2 pack | 400g", "price": "$8.20", "price_calculation": "$2.05 per 100g", "category": "Frozen"},
{"title": "Charlotte'S Bakery Slow Cooked Beef Shiraz & Onion Pies 2 Pack | 400g", "price": "$8.20", "price_calculation": "$2.05 per 100g", "category": "Frozen"},
{"title": "Denada Double Choc Ice Cream Tub | 475mL", "price": "$8.50", "price_calculation": "$1.79 per 100mL", "category": "Frozen"},
{"title": "Starpak Fish Finger Alaskan Pollock | 1kg", "price": "$8.50", "price_calculation": "$8.50 per 1kg", "category": "Frozen"},
{"title": "KB's Yum Cha Shu Mai | 240g", "price": "$8.50", "price_calculation": "$3.54 per 100g", "category": "Frozen"},
{"title": "Mccain Cheesy Vegemite Pizza Pocket 4 pack | 400g", "price": "$8.50", "price_calculation": "$2.13 per 100g", "category": "Frozen"},
{"title": "Herbert Adams Frozen Gourmet Chunky Sous Vide Beef In Rich Gravy Pies 2 pack | 400g", "price": "$9.00", "price_calculation": "$2.25 per 100g", "category": "Frozen"},
{"title": "Birds Eye Frozen Steam Fresh Fish Fillets With Thai Red Curry Sauce 2 Pack | 380g", "price": "$9.00", "price_calculation": "$23.68 per 1kg", "category": "Frozen"},
{"title": "Sealord Lime & Coconut Hoki Fillet | 300g", "price": "$9.00", "price_calculation": "$30.00 per 1kg", "category": "Frozen"},
{"title": "Sailing Seas Sweet Tamarind | 454g", "price": "$9.00", "price_calculation": "$1.98 per 100g", "category": "Frozen"},
{"title": "McCain Pub Size Curried Sausages | 480g", "price": "$9.50", "price_calculation": "$1.98 per 100g", "category": "Frozen"},
{"title": "Cadbury Caramilk Ice Cream 4 Pack | 360mL", "price": "$9.50", "price_calculation": "$2.64 per 100mL", "category": "Frozen"},
{"title": "Peters Maxibon Ice Cream Thats Mint 4 Pack | 560mL", "price": "$9.50", "price_calculation": "$1.70 per 100mL", "category": "Frozen"},
{"title": "Connoisseur Ice Cream Vanilla 4 Pack | 400mL", "price": "$9.50", "price_calculation": "$2.38 per 100mL", "category": "Frozen"},
{"title": "Pacific West Japanese Gyoza | 700g", "price": "$10.00", "price_calculation": "$1.43 per 100g", "category": "Frozen"},
{"title": "Hanabi Frozen Mushroom & Pork Dumplings | 500g", "price": "$10.00", "price_calculation": "$2.00 per 100g", "category": "Frozen"},
{"title": "Hanabi Frozen Shanghai Pork Dumplings | 400g", "price": "$10.00", "price_calculation": "$2.50 per 100g", "category": "Frozen"},
{"title": "Birds Eye Frozen Deli New Zealand Whiting Cracked Pepper Blend & Sea Salt Fillets 5 Pack | 250g", "price": "$10.00", "price_calculation": "$40.00 per 1kg", "category": "Frozen"},
{"title": "Coyo Organic Coconut Ice Cream Vanilla Bean | 500mL", "price": "$10.00", "price_calculation": "$2.00 per 100mL", "category": "Frozen"},
{"title": "Streets Blue Ribbon Duo Chocolate Affair | 2L", "price": "$10.00", "price_calculation": "$0.50 per 100mL", "category": "Frozen"},
{"title": "KB's Coconut Crumbed Prawns | 300g", "price": "$10.50", "price_calculation": "$35.00 per 1kg", "category": "Frozen"},
{"title": "Halo Top Salted Caramel Tub | 473mL", "price": "$10.50", "price_calculation": "$2.22 per 100mL", "category": "Frozen"},
{"title": "Birds Eye Super Crumb Sweet Potato | 425g", "price": "$11.00", "price_calculation": "$25.88 per 1kg", "category": "Frozen"},
{"title": "I&J Scallops Roe Off | 300g", "price": "$12.00", "price_calculation": "$40.00 per 1kg", "category": "Frozen"},
{"title": "Coles Frozen Strawberries | 1kg", "price": "$12.00", "price_calculation": "$1.20 per 100g", "category": "Frozen"},
{"title": "Sabrini Entertainment Pack | 768g", "price": "$15.00", "price_calculation": "$1.95 per 100g", "category": "Frozen"},
{"title": "Royal EBI Cooked Prawn Meat | 500g", "price": "$16.50", "price_calculation": "$33.00 per 1kg", "category": "Frozen"},
{"title": "KB's Cooked Garlic Prawns | 500g", "price": "$19.00", "price_calculation": "$38.00 per 1kg", "category": "Frozen"},
{"title": "Royal Ebi Raw Prawn Cutlet | 500g", "price": "$20.00", "price_calculation": "$40.00 per 1kg", "category": "Frozen"},
{"title": "Family Fave's Crumbed Chicken Tenders | 1kg", "price": "$21.50", "price_calculation": "$21.50 per 1kg", "category": "Frozen"},
{"title": "Coles  Frozen Salmon Fillets | 1kg", "price": "$29.50", "price_calculation": "$29.50 per 1kg", "category": "Frozen"},
{"title": "Mr Chen's BBQ Pork Buns Snack Pack | 110g", "price": "$4.50", "price_calculation": "$4.09 per 100g", "category": "Frozen"},
{"title": "Bulla Creamy Classic Chocolate Hazlenut Stick | 360mL", "price": "$5.20", "price_calculation": null, "category": "Frozen"},
{"title": "Super Nature Frozen Super Pulses Pasta With Beef & Chia Meatballs | 300g", "price": "$6.00", "price_calculation": "$2.00 per 100g", "category": "Frozen"},
{"title": "Proud & Punch Proud & Punch Caramel Date Night 6 Pack | 420mL", "price": "$6.00", "price_calculation": "$1.43 per 100mL", "category": "Frozen"},
{"title": "Coles Ice Cream 5pk Mini Vienna Mint Sticks | 285mL", "price": "$6.00", "price_calculation": "$2.11 per 100mL", "category": "Frozen"},
{"title": "On The Menu Satay Chicken & Rice | 400g", "price": "$6.00", "price_calculation": "$1.50 per 100g", "category": "Frozen"},
{"title": "On The Menu Bacon & Cheese Cottage Pie | 400g", "price": "$6.00", "price_calculation": "$1.50 per 100g", "category": "Frozen"},
{"title": "On The Menu Butter Chicken With Rice | 400g", "price": "$6.00", "price_calculation": "$1.50 per 100g", "category": "Frozen"},
{"title": "Birds Eye Veggie Rice Cauliflower Fried Rice | 500g", "price": "$6.50", "price_calculation": "$13.00 per 1kg", "category": "Frozen"},
{"title": "Borg's Frozen Shortcrust Pastry Value Pack 9 Sheets | 1.6kg", "price": "$6.80", "price_calculation": "$0.43 per 100g", "category": "Frozen"},
{"title": "Quorn Frozen Vegan Nuggets | 280g", "price": "$7.00", "price_calculation": "$2.50 per 100g", "category": "Frozen"},
{"title": "Coles Seafood Basket | 300g", "price": "$7.00", "price_calculation": "$23.33 per 1kg", "category": "Frozen"},
{"title": "Peters Skinny Cow Vanilla Choc Peanut 4 Pack | 680mL", "price": "$7.00", "price_calculation": "$1.03 per 100mL", "category": "Frozen"},
{"title": "Coles Mini Chicken Kiev | 320g", "price": "$5.50", "price_calculation": "$1.72 per 100g", "category": "Frozen"},
{"title": "McCain Red Box Tray Tuna Mornay  | 400g", "price": "$5.60", "price_calculation": "$1.40 per 100g", "category": "Frozen"},
{"title": "Marathon Frozen Spring Rolls 4 pack  | 640g", "price": "$6.50", "price_calculation": "$1.02 per 100g", "category": "Frozen"},
{"title": "Swisspers Cotton Tips Paperstems | 120 pack", "price": "$2.56", "price_calculation": "$2.13 per 100ea", "category": "Health & Beauty"},
{"title": "Weight Watchers Beef Bolognese | 320g", "price": "$6.50", "price_calculation": "$2.03 per 100g", "category": "Frozen"},
{"title": "Dettol 2 in 1 Hands and Surfaces Antibacterial 15 Wipes | 1 pack", "price": "$3.00", "price_calculation": "$3.00 per 1ea", "category": "Health & Beauty"},
{"title": "Birds Eye Snap Frozen Vegetables Peas Corn | 1 kg", "price": "$6.50", "price_calculation": "$6.50 per 1kg", "category": "Frozen"},
{"title": "Swisspers Cotton Balls | 200 pack", "price": "$3.04", "price_calculation": "$1.52 per 100ea", "category": "Health & Beauty"},
{"title": "Streets Blue Ribbon Classic Chocolate Ice Cream Tub | 2L", "price": "$7.00", "price_calculation": "$0.35 per 100mL", "category": "Frozen"},
{"title": "Colgate Plax Mouthwash Fresh Tea | 500mL", "price": "$3.50", "price_calculation": "$0.70 per 100mL", "category": "Health & Beauty"},
{"title": "McCain Frozen Sweet Potato Chips | 750g", "price": "$7.70", "price_calculation": "$10.27 per 1kg", "category": "Frozen"},
{"title": "Nivea Limited Edition Lip Care | 4.8g", "price": "$3.50", "price_calculation": "$72.92 per 100g", "category": "Health & Beauty"},
{"title": "Magnum Ice Cream Mini Dulce De Leche 6Pack | 360mL", "price": "$8.00", "price_calculation": "$2.22 per 100mL", "category": "Frozen"},
{"title": "Colgate Blue Minty Gel Toothpaste | 165g", "price": "$3.50", "price_calculation": "$2.12 per 100g", "category": "Health & Beauty"},
{"title": "Creative Gourmet Frozen Mixed Berries | 750g", "price": "$8.00", "price_calculation": "$1.07 per 100g", "category": "Frozen"},
{"title": "Colgate 360 Sensitive Manual Toothbrush | 2 pack", "price": "$4.00", "price_calculation": "$2.00 per 1ea", "category": "Health & Beauty"},
{"title": "Connoisseur Ice Cream Derwent Valley Raspberry & White Choc | 1L", "price": "$9.00", "price_calculation": "$0.90 per 100mL", "category": "Frozen"},
{"title": "Australian Botanical Soap Lemongrass & Lemon Myrtle | 200g", "price": "$4.00", "price_calculation": "$2.00 per 100g", "category": "Health & Beauty"},
{"title": "Oreo Ice Cream Sandwich 4 Pack | 540mL", "price": "$9.50", "price_calculation": "$1.76 per 100mL", "category": "Frozen"},
{"title": "Dove Beauty Bar Regular | 4 pack", "price": "$4.70", "price_calculation": "$1.18 per 1ea", "category": "Health & Beauty"},
{"title": "Patties Frozen Party Sausage Rolls 12 pack | 450g", "price": "$9.50", "price_calculation": "$2.11 per 100g", "category": "Frozen"},
{"title": "Libra Invisible Pads Goodnight | 8 pack", "price": "$5.50", "price_calculation": "$0.69 per 1ea", "category": "Health & Beauty"},
{"title": "Birds Eye Frozen Fish Fingers 40 Pieces | 1kg", "price": "$10.50", "price_calculation": "$10.50 per 1kg", "category": "Frozen"},
{"title": "Colgate Sensitive Pro Relief Enamel Repair Toothpaste | 110g", "price": "$5.50", "price_calculation": "$5.00 per 100g", "category": "Health & Beauty"},
{"title": "Cadbury Dairy Milk Ice Cream Caramello | 460mL", "price": "$12.00", "price_calculation": "$2.61 per 100mL", "category": "Frozen"},
{"title": "Nivea Men Sensitive Protect Aerosol Antiperspirant Deodorant | 250mL", "price": "$5.95", "price_calculation": "$2.38 per 100mL", "category": "Health & Beauty"},
{"title": "Bulla Splits Raspberry Ice Cream Sticks 10 pack | 750mL", "price": "$4.00", "price_calculation": "$0.53 per 100mL", "category": "Frozen"},
{"title": "Colgate Regular Pump Toothpaste | 130g", "price": "$6.00", "price_calculation": "$4.62 per 100g", "category": "Health & Beauty"},
{"title": "Coles Lemon Curd Cheesecake | 450g", "price": "$4.30", "price_calculation": "$0.96 per 100g", "category": "Frozen"},
{"title": "Palmolive Naturals Hypoallergenic Mild & Sensitive Body Wash | 1L", "price": "$6.00", "price_calculation": "$0.60 per 100mL", "category": "Health & Beauty"},
{"title": "Coles Sweet Chilli Chicken Tenders | 400g", "price": "$4.40", "price_calculation": "$11.00 per 1kg", "category": "Frozen"},
{"title": "Palmolive Hydrating Shower Gel | 1L", "price": "$6.00", "price_calculation": "$0.60 per 100mL", "category": "Health & Beauty"},
{"title": "McCain Frozen Healthy Choice Spinach & Ricotta Ravioli | 390g", "price": "$5.00", "price_calculation": "$1.43 per 100g", "category": "Frozen"},
{"title": "Palmolive Men Active Shower Gel | 500mL", "price": "$6.50", "price_calculation": "$1.30 per 100mL", "category": "Health & Beauty"},
{"title": "Creative Gourmet Frozen Lychees | 300g", "price": "$5.65", "price_calculation": "$18.83 per 1kg", "category": "Frozen"},
{"title": "Colgate 360 Advanced Medium Toothbrush | 4 pack", "price": "$9.00", "price_calculation": "$2.25 per 1ea", "category": "Health & Beauty"},
{"title": "Coles I M Free From Chicken Nuggets | 400g", "price": "$6.00", "price_calculation": "$15.00 per 1kg", "category": "Frozen"},
{"title": "Johnson's Body Care Moisturising Body Wash | 1L", "price": "$9.10", "price_calculation": "$0.91 per 100mL", "category": "Health & Beauty"},
{"title": "Super Nature Frozen Wholegrain Butter Chicken With Freekeh Ancient Grain Mix Wellness Bowl | 350g", "price": "$6.00", "price_calculation": "$1.71 per 100g", "category": "Frozen"},
{"title": "Colgate Total Gum Health Toothpaste | 200g", "price": "$10.00", "price_calculation": "$5.00 per 100g", "category": "Health & Beauty"},
{"title": "McCain Red Box Plated Chicken Roast  | 320g", "price": "$6.00", "price_calculation": "$1.88 per 100g", "category": "Frozen"},
{"title": "Bosisto's Sugar Free Eucalyptus Throat Lozenges | 50g", "price": "$2.50", "price_calculation": "$5.00 per 100g", "category": "Health & Beauty"},
{"title": "Dr Oetker Ristorante Vegetale Pizza | 385g", "price": "$6.30", "price_calculation": "$1.64 per 100g", "category": "Frozen"},
{"title": "Palmolive Foam Liquid Soap Limited Edition Pump | 250mL", "price": "$3.20", "price_calculation": "$1.28 per 100mL", "category": "Health & Beauty"},
{"title": "Coles Honey Caramel & Macadamia Ice Cream Tub | 1L", "price": "$6.50", "price_calculation": "$0.65 per 100mL", "category": "Frozen"},
{"title": "Mitchum Men's Roll On Unscented Antiperspirant Deodorant  | 50mL", "price": "$3.50", "price_calculation": "$7.00 per 100mL", "category": "Health & Beauty"},
{"title": "On The Menu Frozen Chicken Parmigiana | 320g", "price": "$7.00", "price_calculation": "$2.19 per 100g", "category": "Frozen"},
{"title": "Nivea Men Black And White Invisible Roll On Antiperspirant Deodorant | 50mL", "price": "$3.69", "price_calculation": "$7.38 per 100mL", "category": "Health & Beauty"},
{"title": "McCain Lil Pizza Cheesy Margherita | 380g", "price": "$7.80", "price_calculation": "$2.05 per 100g", "category": "Frozen"},
{"title": "Nivea Men Shaving Gel for Sensitive Skin | 200mL", "price": "$5.25", "price_calculation": "$2.63 per 100mL", "category": "Health & Beauty"},
{"title": "Peters No Sugar Added Ice Cream | 1.2L", "price": "$8.00", "price_calculation": "$0.67 per 100mL", "category": "Frozen"},
{"title": "Colgate 360 Advanced Medium Manual Toothbrush | 1 pack", "price": "$6.00", "price_calculation": "$6.00 per 1ea", "category": "Health & Beauty"},
{"title": "On The Menu Smoke BBQ Meatballs With Spicy Rice | 480g", "price": "$8.00", "price_calculation": "$1.67 per 100g", "category": "Frozen"},
{"title": "Rexona Men Antiperspirant Sport Fresh | 250mL", "price": "$6.00", "price_calculation": "$2.40 per 100mL", "category": "Health & Beauty"},
{"title": "Four'N Twenty Frozen Chicken & Vegetable Pies 4 pack | 700g", "price": "$8.50", "price_calculation": "$1.21 per 100g", "category": "Frozen"},
{"title": "Strepsils Double Antibacterial  Soothing Sore Throat  Lozenges Honey and Lemon | 16 pack", "price": "$6.00", "price_calculation": "$0.38 per 1ea", "category": "Health & Beauty"},
{"title": "Coles Frozen Organic Bluberries | 450g", "price": "$8.80", "price_calculation": "$1.96 per 100g", "category": "Frozen"},
{"title": "Dettol Profresh Shower Gel Body Wash Lemon and Lime | 950mL", "price": "$7.35", "price_calculation": "$0.77 per 100mL", "category": "Health & Beauty"},
{"title": "Connoisseur Ice Cream Murray River Salted Caramel & Hazelnut | 1L", "price": "$9.00", "price_calculation": "$0.90 per 100mL", "category": "Frozen"},
{"title": "Colgate Total Mint Waxed Dental Floss | 100metre", "price": "$8.00", "price_calculation": "$0.08 per 1M", "category": "Health & Beauty"},
{"title": "Connoisseur Ice Cream Chocolate Brownie Custard  | 1L", "price": "$9.00", "price_calculation": "$0.90 per 100mL", "category": "Frozen"},
{"title": "Tampax Pearl Compak Regular Tampon With Applicator | 18 pack", "price": "$8.50", "price_calculation": "$0.47 per 1ea", "category": "Health & Beauty"},
{"title": "Streets Paddle Pop Cyclone Ice Cream Sticks 8 pack | 688mL", "price": "$9.00", "price_calculation": "$1.31 per 100mL", "category": "Frozen"},
{"title": "Dove Antiperspirant Pomegranate | 220mL", "price": "$8.50", "price_calculation": "$3.86 per 100mL", "category": "Health & Beauty"},
{"title": "Vadilal Bhindi Whole | 312g", "price": "$2.40", "price_calculation": "$0.77 per 100g", "category": "Frozen"},
{"title": "Colgate 360 Advanced Soft Toothbrush | 4 pack", "price": "$9.00", "price_calculation": "$2.25 per 1ea", "category": "Health & Beauty"},
{"title": "King Of Kings Peking Duck Pastry | 130g", "price": "$2.50", "price_calculation": "$1.92 per 100g", "category": "Frozen"},
{"title": "Sensodyne Complete Care Toothpaste X-fresh | 100g", "price": "$12.30", "price_calculation": "$12.30 per 100g", "category": "Health & Beauty"},
{"title": "Coles Cookies & Cream Ice Cream Sandwich 4 Pack | 440 ml", "price": "$3.20", "price_calculation": "$0.73 per 100mL", "category": "Frozen"},
{"title": "Tresemme Shampoo Smooth & Silky | 940mL", "price": "$14.00", "price_calculation": "$1.49 per 100mL", "category": "Health & Beauty"},
{"title": "Vadilal Shredded Coconut | 312g", "price": "$3.40", "price_calculation": "$1.09 per 100g", "category": "Frozen"},
{"title": "Gillette Mach3+ Razor Cartridge | 4 pack", "price": "$18.50", "price_calculation": "$4.63 per 1ea", "category": "Health & Beauty"},
{"title": "Borg's Triangles Feta | 360g", "price": "$3.50", "price_calculation": "$0.97 per 100g", "category": "Frozen"},
{"title": "Head & Shoulders Shampoo Smooth & Silky | 660mL", "price": "$21.00", "price_calculation": "$3.18 per 100mL", "category": "Health & Beauty"},
{"title": "Birds Eye Snap Frozen Broad Beans | 500g", "price": "$4.00", "price_calculation": "$8.00 per 1kg", "category": "Frozen"},
{"title": "Swisse Ultiboost Liver Detox Tablets | 60 pack", "price": "$22.00", "price_calculation": "$36.67 per 100ea", "category": "Health & Beauty"},
{"title": "Coles Veg Pad Thai | 375g", "price": "$4.00", "price_calculation": "$1.07 per 100g", "category": "Frozen"},
{"title": "Coles Twin Blade Disposable Razor Women | 10 pack", "price": "$2.50", "price_calculation": "$0.25 per 1ea", "category": "Health & Beauty"},
{"title": "Coles Chicken Chippies | 400g", "price": "$4.40", "price_calculation": "$11.00 per 1kg", "category": "Frozen"},
{"title": "Coles Paw Paw Ointment | 25g", "price": "$2.55", "price_calculation": "$10.20 per 100g", "category": "Health & Beauty"},
{"title": "Coles Frozen Hawaiian Pizza | 500g", "price": "$5.00", "price_calculation": "$1.00 per 100g", "category": "Frozen"},
{"title": "Coles Nail Polish Remover Acetone | 125mL", "price": "$2.80", "price_calculation": "$2.24 per 100mL", "category": "Health & Beauty"},
{"title": "Yo Chi Frozen Chocolate Yoghurt | 500mL", "price": "$5.50", "price_calculation": "$1.10 per 100mL", "category": "Frozen"},
{"title": "Palmolive Raspberry Heavenly Hands Foaming Hand Wash | 250mL", "price": "$3.20", "price_calculation": "$1.28 per 100mL", "category": "Health & Beauty"},
{"title": "Birds Eye Whiting Fish Finger | 350g", "price": "$6.00", "price_calculation": "$17.14 per 1kg", "category": "Frozen"},
{"title": "Colgate Kids Junior Bluey Manual Soft Toothbrush | 1 each", "price": "$3.50", "price_calculation": "$3.50 per 1ea", "category": "Health & Beauty"},
{"title": "Birds Eye Snap Frozen Baby Beans- Carrot & Corn | 1 kg", "price": "$6.50", "price_calculation": "$6.50 per 1kg", "category": "Frozen"},
{"title": "Libra Liners Double 2-in-1 | 25 pack", "price": "$3.50", "price_calculation": "$0.14 per 1ea", "category": "Health & Beauty"},
{"title": "Lean Cuisine Thai Red Chicken Curry | 375g", "price": "$7.00", "price_calculation": "$1.87 per 100g", "category": "Frozen"},
{"title": "Nivea Men Cool Kick Roll On Antiperspirant Deodorant | 50mL", "price": "$3.69", "price_calculation": "$7.38 per 100mL", "category": "Health & Beauty"},
{"title": "Vegie Delights Plant Based Not Burger | 300g", "price": "$7.00", "price_calculation": "$2.33 per 100g", "category": "Frozen"},
{"title": "On The Menu Frozen BBQ Mixed Grill | 320g", "price": "$7.00", "price_calculation": "$2.19 per 100g", "category": "Frozen"},
{"title": "Naturel Promise Fresh Dental Total Care Kit For Dogs | 1 pack", "price": "$30.00", "price_calculation": "$30.00 per 1ea", "category": "Pet"},
{"title": "Purina One Adult Healthy With Salmon & Tuna Dry Cat Food | 3kg", "price": "$35.00", "price_calculation": "$1.17 per 100g", "category": "Pet"},
{"title": "Elanco Comfortis Plus Fleas Heartwormer & Worms Large Dog Treatment | 1 pack", "price": "$40.00", "price_calculation": "$40.00 per 1ea", "category": "Pet"},
{"title": "Elanco Comfortis Plus Fleas Heartworm & Worms Medium Dog Treatment | 1 Pack", "price": "$40.00", "price_calculation": "$40.00 per 1ea", "category": "Pet"},
{"title": "Pet Treat Bar Pork Femur | approx 100g", "price": "$6.00", "price_calculation": "$60.00 per 1kg", "category": "Pet"},
{"title": "Optimum Dry Dog Food Chicken Vegetables & Rice | 15kg", "price": "$91.50", "price_calculation": "$0.61 per 100g", "category": "Pet"},
{"title": "My Dog Adut Wet Dog Food Chicken Fillets In Gravy Tray | 100g", "price": "$1.70", "price_calculation": "$1.70 per 100g", "category": "Pet"},
{"title": "Woofin Good Chunks In Gravy Lamb Rice & Veg Dog Food | 400g", "price": "$2.00", "price_calculation": "$0.50 per 100g", "category": "Pet"},
{"title": "Whistler Tropical Fruit Lorikeet Bar | 100g", "price": "$3.50", "price_calculation": "$3.50 per 100g", "category": "Pet"},
{"title": "Coles Dog Collar With Steel O Ring & Safety Clip Small | 1 pack", "price": "$5.00", "price_calculation": "$5.00 per 1ea", "category": "Pet"},
{"title": "Premi-Yum Free Range Chicken Mince For Cats Cat Food 5X90g | 5 pack", "price": "$5.50", "price_calculation": "$1.22 per 100g", "category": "Pet"},
{"title": "Meat Mates Feline Freeze Grain Free Dried Beef Cat Treat | 50g", "price": "$6.00", "price_calculation": "$12.00 per 100g", "category": "Pet"},
{"title": "Nood Dog Treats Chicken Jerky | 70g", "price": "$7.00", "price_calculation": "$10.00 per 100g", "category": "Pet"},
{"title": "Vitapet Fish Water Ager | 125mL", "price": "$7.00", "price_calculation": "$7.00 per 1ea", "category": "Pet"},
{"title": "Bow Wow \"Bully Sticks 8\" Dog Treat\" | 1 pack", "price": "$7.90", "price_calculation": "$7.90 per 1ea", "category": "Pet"},
{"title": "Trill Lorikeet Complete Meal Mix | 500g", "price": "$8.00", "price_calculation": "$1.60 per 100g", "category": "Pet"},
{"title": "Fussy Cat Grain Free Twice as Tasty Adult Wet Cat Food Bites & Fish Gravy 12x80gm | 12 pack", "price": "$9.45", "price_calculation": "$0.98 per 100g", "category": "Pet"},
{"title": "Lux & Bones Ball Flinger + Tennis Ball Dog Toy | 1 pack", "price": "$10.00", "price_calculation": "$10.00 per 1ea", "category": "Pet"},
{"title": "Petstages Night Time Cuddle Cat Toy | 1 pack", "price": "$10.00", "price_calculation": "$10.00 per 1ea", "category": "Pet"},
{"title": "Lux & Bones Bush Magic Odour Neutralising Anti-Bacterial Dog Shampoo | 350mL", "price": "$10.50", "price_calculation": "$30.00 per 1L", "category": "Pet"},
{"title": "Elevate Puppy Multi Care Dog Treat | 300g", "price": "$10.50", "price_calculation": "$3.50 per 100g", "category": "Pet"},
{"title": "Nerf Dog 3.7inch Tpr 3-part Spike Squeak Ball Dog Toy | 1 pack", "price": "$11.00", "price_calculation": "$11.00 per 1ea", "category": "Pet"},
{"title": "Rufus & Coco Laser Mouse Cat Toy | 1 pack", "price": "$11.00", "price_calculation": "$11.00 per 1ea", "category": "Pet"},
{"title": "Purina Total Care Tasty All Wormer Small Dog Or Puppies Treatment | 1 pack", "price": "$11.20", "price_calculation": "$11.20 per 1ea", "category": "Pet"},
{"title": "Elevate Dry Cat Food Hairball Chicken | 800g", "price": "$11.20", "price_calculation": "$1.40 per 100g", "category": "Pet"},
{"title": "Purina Total Care Pom Pom Dangler Cat Toy | 1 pack", "price": "$11.90", "price_calculation": "$11.90 per 1ea", "category": "Pet"},
{"title": "Purina Total Care Shiny Tail Dangler Cat Toy | 1 pack", "price": "$11.90", "price_calculation": "$11.90 per 1ea", "category": "Pet"},
{"title": "Coles Stainless Steel Bowl Non Skip Large | 1 pack", "price": "$12.00", "price_calculation": "$12.00 per 1ea", "category": "Pet"},
{"title": "Hasbro 5 In S Play-Doh Squeak And Crinkle Single Can Tug Dog Toy | 1 pack", "price": "$12.00", "price_calculation": "$12.00 per 1ea", "category": "Pet"},
{"title": "Lickimat Classic Playdate Dog Toy | 1 pack", "price": "$12.00", "price_calculation": "$12.00 per 1ea", "category": "Pet"},
{"title": "Lux & Bones Compostible Pee Pads Dog | 7 pack", "price": "$12.00", "price_calculation": "$1.71 per 1ea", "category": "Pet"},
{"title": "Raw Boost Meal Topper Joint & Mobility Health Dog Food | 60g", "price": "$12.00", "price_calculation": "$20.00 per 100g", "category": "Pet"},
{"title": "Purina Total Care Wind Me Up Mouse Cat Toy | 1 pack", "price": "$13.00", "price_calculation": "$13.00 per 1ea", "category": "Pet"},
{"title": "Bx Earth Dog 2 In 1 Goatsmilk Manuka & Oatmeal All Natural Conditioning Shampoo | 500mL", "price": "$14.00", "price_calculation": "$28.00 per 1L", "category": "Pet"},
{"title": "BX Earth Dog Gentle Puppy Coconut Oatmeal & Aloe Vera All Natural Shampoo | 500mL", "price": "$14.00", "price_calculation": "$28.00 per 1L", "category": "Pet"},
{"title": "Lux And Bones Arthouse Collection Printed Collar Small | 1 pack", "price": "$14.00", "price_calculation": "$14.00 per 1ea", "category": "Pet"},
{"title": "Nood Wet Cat Food Grass Fed Beef & Lamb Recipe In Gravy 12x80g | 12 pack", "price": "$14.50", "price_calculation": "$1.51 per 100g", "category": "Pet"},
{"title": "Nood Wild Caught Tuna Recipe In Gravy Cat Food 80g | 12 pack", "price": "$14.50", "price_calculation": "$1.51 per 100g", "category": "Pet"},
{"title": "Nerf \"Dog 2.5\" Squeak Tennis Ball Dog Toy\" | 4 pack", "price": "$15.00", "price_calculation": "$3.75 per 1ea", "category": "Pet"},
{"title": "The Pet Cartel Play N Chirp Bird Cat Toy | 1 pack", "price": "$15.00", "price_calculation": "$15.00 per 1ea", "category": "Pet"},
{"title": "Nerf Dog 3.8Inch TPR Ball Dog Toy | 1 pack", "price": "$15.00", "price_calculation": "$15.00 per 1ea", "category": "Pet"},
{"title": "Lux & Bones Bamboo Dog Bowl | 1 pack", "price": "$15.00", "price_calculation": "$15.00 per 1ea", "category": "Pet"},
{"title": "Rufus & Coco Ear & Wound Care | 150mL", "price": "$15.50", "price_calculation": "$103.34 per 1L", "category": "Pet"},
{"title": "Nood Cage Free Chicken Recipe With Garden Vegetables Dog Food 12x100g | 12 pack", "price": "$15.50", "price_calculation": "$1.29 per 100g", "category": "Pet"},
{"title": "Farmers Market Adult Dry Dog Food Chicken With Farm Vegetables | 2.7 kg", "price": "$16.00", "price_calculation": "$0.59 per 100g", "category": "Pet"},
{"title": "Lux And Bones Arthouse Collection Printed Collar Large | 1 pack", "price": "$16.00", "price_calculation": "$16.00 per 1ea", "category": "Pet"},
{"title": "Purina Total Care Deodorising Shampoo | 350mL", "price": "$16.00", "price_calculation": "$45.72 per 1L", "category": "Pet"},
{"title": "Woofin Good Chunks In Jelly Mixed Selection Chicken- Duck & Turkey Pouches Dog Food 12x100g | 12 pack", "price": "$13.00", "price_calculation": "$1.08 per 100g", "category": "Pet"},
{"title": "Woofin Good Chunks In Gravy Mixed Selection Chicken- Duck & Turkey Pouches Dog Food 12x100g | 12 pack", "price": "$13.00", "price_calculation": "$1.08 per 100g", "category": "Pet"},
{"title": "Nood Cage Free Chicken Recipe In Gravy Cat Food 80g | 12 pack", "price": "$14.50", "price_calculation": "$1.51 per 100g", "category": "Pet"},
{"title": "Nood Wet Cat Food Sustainable Salmon & Tuna Recipe In Gravy 12x80g | 12 pack", "price": "$14.50", "price_calculation": "$1.51 per 100g", "category": "Pet"},
{"title": "Total Care Tasty Allwormer For Dogs | 4 pack", "price": "$14.80", "price_calculation": "$3.70 per 1ea", "category": "Pet"},
{"title": "Rufus & Coco Clean & Chew Dental Dog Toy | 1 pack", "price": "$15.00", "price_calculation": "$15.00 per 1ea", "category": "Pet"},
{"title": "Rufus & Coco 2 in 1 Oatmeal Wash | 200mL", "price": "$15.00", "price_calculation": "$75.00 per 1L", "category": "Pet"},
{"title": "Nood Cage Free Chicken Recipe With Garden Vegetables Puppy Dog Food 12x100g | 12 pack", "price": "$15.50", "price_calculation": "$1.29 per 100g", "category": "Pet"},
{"title": "Rufus & Coco Flea Flee Shampoo | 200mL", "price": "$15.50", "price_calculation": "$77.50 per 1L", "category": "Pet"},
{"title": "Schmackos Stix With Beef Dog Treats | 500g", "price": "$16.00", "price_calculation": "$3.20 per 100g", "category": "Pet"},
{"title": "Schmackos Strapz With Chicken Dog Treats | 500g", "price": "$16.00", "price_calculation": "$3.20 per 100g", "category": "Pet"},
{"title": "Petstages Dogwood Stick Medium Dog Toy | 1 pack", "price": "$16.80", "price_calculation": "$16.80 per 1ea", "category": "Pet"},
{"title": "Purina Total Care Nail Clippers Dog | 1 pack", "price": "$17.00", "price_calculation": "$17.00 per 1ea", "category": "Pet"},
{"title": "Purina Dentalife Dog Treat Chews Large | 18 pack", "price": "$17.30", "price_calculation": "$0.96 per 1ea", "category": "Pet"},
{"title": "Greenies Original Dog Treat Large | 170g", "price": "$18.00", "price_calculation": "$10.59 per 100g", "category": "Pet"},
{"title": "Purina Total Care Cuddlechews Dog Toy | 1 pack", "price": "$18.00", "price_calculation": "$18.00 per 1ea", "category": "Pet"},
{"title": "Purina Total Care Flea Tick Control Plus Small Dog Treatment | 1 pack", "price": "$21.00", "price_calculation": "$21.00 per 1ea", "category": "Pet"},
{"title": "Purina Total Care Flea Control Plus Cat Treatment | 1 pack", "price": "$22.00", "price_calculation": "$22.00 per 1ea", "category": "Pet"},
{"title": "Optimum Dry Dog Food Dental Care With Chicken | 3kg", "price": "$22.00", "price_calculation": "$0.73 per 100g", "category": "Pet"},
{"title": "Whiskas 1+ Tuna Favourites In Jelly Cat Food 24x85g | 24 pack", "price": "$24.00", "price_calculation": "$1.18 per 100g", "category": "Pet"},
{"title": "Lux And Bones Harness & Leash Medium Set | 1 pack", "price": "$25.00", "price_calculation": "$25.00 per 1ea", "category": "Pet"},
{"title": "Nerf Blaster And Non-Squeak Tennis Ball | 3 pack", "price": "$25.00", "price_calculation": "$8.33 per 1ea", "category": "Pet"},
{"title": "Purina Total Care Heartwormer, Allwormer & Flea Control  for Small Dogs | 1 pack", "price": "$26.50", "price_calculation": "$26.50 per 1ea", "category": "Pet"},
{"title": "Dine Classic Collections Pouch Cat Food Succulent Selection In Gravy 24x85g | 24 pack", "price": "$28.00", "price_calculation": "$1.37 per 100g", "category": "Pet"},
{"title": "Purina Total Care Heartwormer Allwormer & Flea Control  for Medium Dogs | 1 pack", "price": "$28.50", "price_calculation": "$28.50 per 1ea", "category": "Pet"},
{"title": "Pedigree Dentastix Large Giant Dog Treat | 56 pack", "price": "$41.00", "price_calculation": "$0.73 per 1ea", "category": "Pet"},
{"title": "Pet Treat Bar Pork Trotter Disks | approx 100g", "price": "$6.00", "price_calculation": "$60.00 per 1kg", "category": "Pet"},
{"title": "My Dog Home Delights Chunks In Gravy With Slow Cooked Chicken Pasta And Vegetables | 100g", "price": "$1.70", "price_calculation": "$1.70 per 100g", "category": "Pet"},
{"title": "My Dog Home Delights Chunks In Gravy With Slow Cooked Beef And Green Vegetables | 100g", "price": "$1.70", "price_calculation": "$1.70 per 100g", "category": "Pet"},
{"title": "Woofin Good Chunks In Gravy Beef Liver & Veg Dog Food | 400g", "price": "$2.00", "price_calculation": "$0.50 per 100g", "category": "Pet"},
{"title": "Coles Cockatiel Treat With Honey  | 1 pack", "price": "$2.10", "price_calculation": "$2.10 per 1ea", "category": "Pet"},
{"title": "Optimum Kitten 2-12 Months Chunks In Jelly With Salmon Cat Food Pouch | 85g", "price": "$2.10", "price_calculation": "$2.47 per 100g", "category": "Pet"},
{"title": "Coles Dog Food Loaf Chicken Rice & Vegetables | 1.2kg", "price": null, "price_calculation": null, "category": "Pet"},
{"title": "Pups In The Pantry Protein Balls With Pea-Mutt Butter Dog Treat | 3 pack", "price": "$3.50", "price_calculation": "$1.17 per 1ea", "category": "Pet"},
{"title": "Pedigree Loaf With 5 Kinds Of Meat Adult Wet Dog Food Can | 1.2kg", "price": "$4.00", "price_calculation": "$0.33 per 100g", "category": "Pet"},
{"title": "Pet Munchies Gourmet Small Animal Treat | 300g", "price": "$4.00", "price_calculation": "$1.33 per 100g", "category": "Pet"},
{"title": "Bird Munchies Twin Pack Budgie Treat | 220g", "price": "$4.30", "price_calculation": "$1.95 per 100g", "category": "Pet"},
{"title": "Trill Fruit & Nut Blend Bird Food | 200g", "price": "$4.50", "price_calculation": "$2.25 per 100g", "category": "Pet"},
{"title": "Vitapet Fish Food Weekend Block | 1 each", "price": "$5.50", "price_calculation": "$5.50 per 1ea", "category": "Pet"},
{"title": "Coles Adjustable Dog Collar Medium | 1 pack", "price": "$6.00", "price_calculation": "$6.00 per 1ea", "category": "Pet"},
{"title": "Optimum Dog Treat Muesli Bars With Chicken Coconut & Kefir Digestion | 4 pack", "price": "$6.00", "price_calculation": "$1.50 per 1ea", "category": "Pet"},
{"title": "Optimum Dog Treat Cookies With Salmon & Chia | 6 pack", "price": "$6.00", "price_calculation": "$1.00 per 1ea", "category": "Pet"},
{"title": "Optimum Dog Treat Protein Bites With Fish & Spinach | 75g", "price": "$6.00", "price_calculation": "$8.00 per 100g", "category": "Pet"},
{"title": "Schmackos Dog Treat BBQ Lamb Kebab | 7 pack", "price": "$6.50", "price_calculation": "$0.93 per 1ea", "category": "Pet"},
{"title": "Coles Dog Collar With Steel O Ring & Safety Clip Large | 1 pack", "price": "$7.00", "price_calculation": "$7.00 per 1ea", "category": "Pet"},
{"title": "Woofin Good Dental Dog Treat Medium Large Dog | 4 pack", "price": "$7.00", "price_calculation": "$1.75 per 1ea", "category": "Pet"},
{"title": "Coles Adult Small Breed Dry Dog Food With Chicken | 3kg", "price": "$7.00", "price_calculation": "$0.23 per 100g", "category": "Pet"},
{"title": "Rascal Dog Treat Pump It Up - Roasted Pumpkin | 125g", "price": "$8.95", "price_calculation": "$7.16 per 100g", "category": "Pet"},
{"title": "Dine Classic Collection Pouch Cat Food Succulent Selection In Jelly 12x85g | 12 pack", "price": "$12.00", "price_calculation": "$1.18 per 100g", "category": "Pet"},
{"title": "Gourmet Delight Multipack Ocean Delights Cat Food 12x80g | 12 pack", "price": "$12.00", "price_calculation": "$1.25 per 100g", "category": "Pet"},
{"title": "Peters Poultry Mix Free Range | 5kg", "price": "$12.00", "price_calculation": "$0.24 per 100g", "category": "Pet"},
{"title": "Optimum Healthy Weight Chunks In Jelly Chicken Cat Food 12x85g | 12 pack", "price": "$13.00", "price_calculation": "$1.27 per 100g", "category": "Pet"},
{"title": "Whiskas Beef & Lamb Adult Dry Cat Food | 1.8kg", "price": "$14.00", "price_calculation": "$0.78 per 100g", "category": "Pet"},
{"title": "Purina Tidy Cats Litter Tray Deodoriser | 560g", "price": "$15.50", "price_calculation": "$27.68 per 1kg", "category": "Pet"},
{"title": "Elevate Dry Dog Food Healthy Weight Chicken | 3kg", "price": "$20.80", "price_calculation": "$0.69 per 100g", "category": "Pet"},
{"title": "Applaws Chicken & Turkey All Breed Dog Food | 2.7kg", "price": "$21.00", "price_calculation": "$0.78 per 100g", "category": "Pet"},
{"title": "Nature's Gift Adult All Breeds Dry Dog Food With Beef | 6kg", "price": "$22.50", "price_calculation": "$0.38 per 100g", "category": "Pet"},
{"title": "Catsan Natural Extra Absorbent Clumping Cat Litter | 8L", "price": "$22.50", "price_calculation": "$2.81 per 1L", "category": "Pet"},
{"title": "Supercoat True Origin Adult Dry Dog Food Salmon & Ocean Fish | 2.5 kg", "price": "$24.00", "price_calculation": "$0.96 per 100g", "category": "Pet"},
{"title": "Fussy Cat Twice As Tasty Fish Lovers Cat Food 28x80g | 28 pack", "price": "$25.00", "price_calculation": "$1.12 per 100g", "category": "Pet"},
{"title": "Whiskas So Meaty 1+ Years Wet Cat Food Meat Cuts In Gravy 85g Pouch | 24 pack", "price": "$26.00", "price_calculation": "$1.27 per 100g", "category": "Pet"},
{"title": "Whiskas 1+ Years So Fishy Recipe Ocean Platter In Jelly Cat Food 85g | 24 pack", "price": "$26.00", "price_calculation": "$1.27 per 100g", "category": "Pet"},
{"title": "Supercoat Adult Active With Beef Dry Dog Food | 6.7kg", "price": "$28.00", "price_calculation": "$0.42 per 100g", "category": "Pet"},
{"title": "Pedigree Large Breed With Real Beef Dry Dog Food | 8kg", "price": "$31.00", "price_calculation": "$0.39 per 100g", "category": "Pet"},
{"title": "Pet Treat Bar Smoked Lamb Bone | approx 100g", "price": "$6.00", "price_calculation": "$60.00 per 1kg", "category": "Pet"},
{"title": "Pet Treat Bar Carob Cookies | approx 100g", "price": "$6.00", "price_calculation": "$60.00 per 1kg", "category": "Pet"},
{"title": "Nature's Gift Adult All Breeds Wet Dog Food Loaf Succulent Lamb | 100g", "price": "$1.60", "price_calculation": "$1.60 per 100g", "category": "Pet"},
{"title": "Nature's Gift Adult All Breeds Wet Dog Food Loaf Prime Beef in Gravy | 100g", "price": "$1.60", "price_calculation": "$1.60 per 100g", "category": "Pet"},
{"title": "My Dog Adult Wet Dog Food Beef Liver Tray | 100g", "price": "$1.70", "price_calculation": "$1.70 per 100g", "category": "Pet"},
{"title": "My Dog Chicken Mince With Rice Carrots & Spinach Puppy Wet Dog Food | 100g", "price": "$1.70", "price_calculation": "$1.70 per 100g", "category": "Pet"},
{"title": "My Dog Select Toppings With Tender Chicken & Cheese Adult Wet Dog Food | 100g", "price": "$1.70", "price_calculation": "$1.70 per 100g", "category": "Pet"},
{"title": "Coles Budgie & Canary Treat With Honey | 1 pack", "price": "$2.00", "price_calculation": "$2.00 per 1ea", "category": "Pet"},
{"title": "Pedigree Loaf With 5 Kinds Of Meat Adult Wet Dog Food Can | 700g", "price": "$3.50", "price_calculation": "$0.50 per 100g", "category": "Pet"},
{"title": "Trill Vege Mix | 120g", "price": "$4.00", "price_calculation": "$3.33 per 100g", "category": "Pet"},
{"title": "Trill Honey Sticks for Cockatiels Variety Pack Bird Treat | 3 pack", "price": "$4.00", "price_calculation": "$3.81 per 100g", "category": "Pet"},
{"title": "Coles Cat And Dog Double Bowl | 1 pack", "price": "$4.50", "price_calculation": "$4.50 per 1ea", "category": "Pet"},
{"title": "Coles Red Ribbon Spare Ribs Kangaroo & Honey | 5 pack", "price": "$5.00", "price_calculation": "$1.00 per 1ea", "category": "Pet"},
{"title": "Coles Cat Collar Reflective Medium | 1 pack", "price": "$5.00", "price_calculation": "$5.00 per 1ea", "category": "Pet"},
{"title": "Trill Toppers Bird Treat | 112g", "price": "$5.00", "price_calculation": "$4.46 per 100g", "category": "Pet"},
{"title": "Nature's Gift Loaf Real Chicken Wet Dog Food 100g | 6 pack", "price": "$5.95", "price_calculation": "$0.99 per 100g", "category": "Pet"},
{"title": "Nature's Gift Loaf Succulent Lamb Wet Dog Food 100g | 6 pack", "price": "$5.95", "price_calculation": "$0.99 per 100g", "category": "Pet"},
{"title": "Nature's Gift Prime Beef In Gravy Dog Food 100g | 6 pack", "price": "$5.95", "price_calculation": "$0.99 per 100g", "category": "Pet"},
{"title": "The Natural One Premium Bone Broth For Pets Free Range Chicken | 500mL", "price": "$6.00", "price_calculation": "$1.20 per 100mL", "category": "Pet"},
{"title": "Coles Rabbit And Guinea Pig Food | 2kg", "price": "$6.30", "price_calculation": "$0.32 per 100g", "category": "Pet"},
{"title": "Purr Chicken With Kangaroo Mince Cat Food 8 X Portions | 680g", "price": "$6.50", "price_calculation": "$0.96 per 100g", "category": "Pet"},
{"title": "Schmackos Strapz BBQ Lamb Dog Treat | 200g", "price": "$7.50", "price_calculation": "$3.75 per 100g", "category": "Pet"},
{"title": "Schmackos Strapz Dog Treats With Hickory Smoked Ham | 200g", "price": "$7.50", "price_calculation": "$3.75 per 100g", "category": "Pet"},
{"title": "Farmers Market Adult Wet Dog Food Tender Lamb With Julienne Carrot & Bean 6x100g | 6 pack", "price": "$8.50", "price_calculation": "$1.42 per 100g", "category": "Pet"},
{"title": "Dine Pulled Menu Gravy Indulgence Tuna Cat Food 7x85g | 7 pack", "price": "$8.50", "price_calculation": "$1.43 per 100g", "category": "Pet"},
{"title": "Rascal Dog Treat Date Night - Date Banana And Blueberry | 125g", "price": "$8.95", "price_calculation": "$7.16 per 100g", "category": "Pet"},
{"title": "Farmers Market Grain Free Wet Cat Food Fish Collection Variety Pack | 6 pack", "price": "$9.50", "price_calculation": "$1.98 per 100g", "category": "Pet"},
{"title": "Farmers Market Grain Free Adult Wet Cat Food Chicken Collection Variety Pack | 6 pack", "price": "$9.50", "price_calculation": "$1.98 per 100g", "category": "Pet"},
{"title": "Lux And Bones Character Ball Dog Toy | 1 pack", "price": "$10.00", "price_calculation": "$10.00 per 1ea", "category": "Pet"},
{"title": "Doggylicious Dog Treat Calming Cookies | 180g", "price": "$10.00", "price_calculation": "$5.56 per 100g", "category": "Pet"},
{"title": "Elevate Adult Multi Care Dog Treat | 300g", "price": "$10.50", "price_calculation": "$3.50 per 100g", "category": "Pet"},
{"title": "Purina Lucky Dog Dry Minced Beef, Vegetable & Marrowbone Flavour Dog Food | 3Kg", "price": "$11.00", "price_calculation": "$0.37 per 100g", "category": "Pet"},
{"title": "Herbert Adams Frittata Cheese Bacon Roasted Capsicum | 700g", "price": "$17.90", "price_calculation": "$2.56 per 100g", "category": "Dairy, Eggs & Fridge"},
{"title": "Somerdale Champagne Cheddar | approx100g", "price": "$5.20", "price_calculation": "$52.00 per 1kg", "category": "Dairy, Eggs & Fridge"},
{"title": "King Island Dairy Black Label Brie | approx100g", "price": "$6.50", "price_calculation": "$65.00 per 1kg", "category": "Dairy, Eggs & Fridge"},
{"title": "Moira Mac's Snackers Buffalo Mini Chicken Kebabs | 90g", "price": "$2.00", "price_calculation": "$22.22 per 1kg", "category": "Dairy, Eggs & Fridge"},
{"title": "Australia's Own A2 Protein Full Cream Milk | 1L", "price": "$2.50", "price_calculation": "$2.50 per 1L", "category": "Dairy, Eggs & Fridge"},
{"title": "Vaalia Probiotic Kefir Yoghurt Strawberry | 150g", "price": "$2.50", "price_calculation": "$1.67 per 100g", "category": "Dairy, Eggs & Fridge"},
{"title": "T2 Peppermint Tea Bags | 25 pack", "price": "$13.00", "price_calculation": "$0.52 per 1ea", "category": "Drinks"},
{"title": "Big M Iced Coffee Flavoured Milk | 600mL", "price": "$2.90", "price_calculation": "$4.83 per 1L", "category": "Dairy, Eggs & Fridge"},
{"title": "Vittoria Latte Nespresso Compatible Coffee Capsules | 20 pack", "price": "$13.00", "price_calculation": "$0.65 per 1ea", "category": "Drinks"},
{"title": "Arnotts Jatz & Tasty Cheese | 33g", "price": "$3.20", "price_calculation": "$9.70 per 100g", "category": "Dairy, Eggs & Fridge"},
{"title": "Twinings Lady Grey Tea Bags | 100 pack", "price": "$13.50", "price_calculation": "$0.14 per 1ea", "category": "Drinks"},
{"title": "Coles Kitchen Salsa Cheese Corn Chip | 55g", "price": "$3.30", "price_calculation": "$6.00 per 100g", "category": "Dairy, Eggs & Fridge"},
{"title": "Vittoria Freeze Dried Italian Instant Coffee | 400g", "price": "$20.00", "price_calculation": "$5.00 per 100g", "category": "Drinks"},
{"title": "Coles Kitchen Veg Ready To Eat Carrot Sticks | 160g", "price": null, "price_calculation": null, "category": "Dairy, Eggs & Fridge"},
{"title": "V8 Healthy Greens Power Blend Juice | 300mL", "price": "$2.70", "price_calculation": "$9.00 per 1L", "category": "Drinks"},
{"title": "Coles Nature's Kitchen Southern Smoked Tofu | 200g", "price": "$3.50", "price_calculation": "$1.75 per 100g", "category": "Dairy, Eggs & Fridge"},
{"title": "Remedy Sodaly Passionfruit Can | 250mL", "price": "$3.00", "price_calculation": "$12.00 per 1L", "category": "Drinks"},
{"title": "Coles Kitchen Plain Naan 2 | 350g", "price": "$3.90", "price_calculation": "$1.11 per 100g", "category": "Dairy, Eggs & Fridge"},
{"title": "Remedy Sodaly Blood Orange Can | 250mL", "price": "$3.00", "price_calculation": "$12.00 per 1L", "category": "Drinks"},
{"title": "Primo Trios Cheesy Kabana Pretzels & Tasty Cheese Cubes | 53g", "price": "$4.25", "price_calculation": "$8.02 per 100g", "category": "Dairy, Eggs & Fridge"},
{"title": "Higher Living Sweet Chai | 15 pack", "price": "$3.50", "price_calculation": "$0.23 per 1ea", "category": "Drinks"},
{"title": "Suncoast Gold Macadamia Unsweetened Long Life Milk 1L | 1L", "price": "$4.30", "price_calculation": "$4.30 per 1L", "category": "Dairy, Eggs & Fridge"},
{"title": "Schweppes Traditional Raspberry | 600mL", "price": "$3.80", "price_calculation": "$6.33 per 1L", "category": "Drinks"},
{"title": "Coles Multipack Yoghurt | 900g", "price": "$4.30", "price_calculation": "$0.48 per 100g", "category": "Dairy, Eggs & Fridge"},
{"title": "Emma And Tom's Limited Edition | 450mL", "price": "$3.90", "price_calculation": "$8.67 per 1L", "category": "Drinks"},
{"title": "Coles Raspberry Cheesecake 2 Pack | 180g", "price": "$4.30", "price_calculation": "$2.39 per 100g", "category": "Dairy, Eggs & Fridge"},
{"title": "Campbell's V8 Breakfast Juice Box 250mL | 3 pack", "price": "$4.10", "price_calculation": "$5.47 per 1L", "category": "Drinks"},
{"title": "Wicked Sister Vanilla Creme Brulee 2x100g | 200g", "price": "$4.40", "price_calculation": "$2.20 per 100g", "category": "Dairy, Eggs & Fridge"},
{"title": "Coca-Cola Zero Sugar Soft Drink Bottle | 1L", "price": "$4.10", "price_calculation": "$4.10 per 1L", "category": "Drinks"},
{"title": "Yumi's Choice Beetroot With Roasted Hazelnuts And Orange Zaatar Dip | 150g", "price": "$4.50", "price_calculation": "$3.00 per 100g", "category": "Dairy, Eggs & Fridge"},
{"title": "Twinings Live Well Digest Tea Bags | 22 pack", "price": "$4.25", "price_calculation": "$0.19 per 1ea", "category": "Drinks"},
{"title": "Island Berries Tasmania Panna Cotta With Mango Passionfruit Coulis | 145g", "price": "$4.50", "price_calculation": "$3.10 per 100g", "category": "Dairy, Eggs & Fridge"},
{"title": "Dilmah Pure Peppermint Leaf Tea Bags | 10 pack", "price": "$4.30", "price_calculation": "$0.43 per 1ea", "category": "Drinks"},
{"title": "Castello Spanish Quince Paste | 125g", "price": "$4.50", "price_calculation": "$36.00 per 1kg", "category": "Dairy, Eggs & Fridge"},
{"title": "Golden Circle Pineapple Juice Multipack poppers 6x250mL | 6 pack", "price": "$4.40", "price_calculation": "$2.93 per 1L", "category": "Drinks"},
{"title": "Kenilworth Roast Garlic & Cracked Pepper Cheddar | 165g", "price": "$4.80", "price_calculation": "$29.09 per 1kg", "category": "Dairy, Eggs & Fridge"},
{"title": "Vittoria Decaffeinated Nespresso Compatible Coffee Capsules | 10 pack", "price": "$4.50", "price_calculation": "$0.45 per 1ea", "category": "Drinks"},
{"title": "Coles Kitchen Tear And Share Cheesy Garlic Bread | 350g", "price": "$4.80", "price_calculation": "$1.37 per 100g", "category": "Dairy, Eggs & Fridge"},
{"title": "Vittoria Black Valley Nespresso Compatible Coffee Capsules | 10 pack", "price": "$4.50", "price_calculation": "$0.45 per 1ea", "category": "Drinks"},
{"title": "Bio Original Cheese Block | 200g", "price": "$4.90", "price_calculation": "$24.50 per 1kg", "category": "Dairy, Eggs & Fridge"},
{"title": "Queen Victoria Tea Digest Blend Tea Bags | 18 pack", "price": "$4.50", "price_calculation": "$0.25 per 1ea", "category": "Drinks"},
{"title": "Coles Nature's Kitchen Tempeh | 300g", "price": "$5.00", "price_calculation": "$1.67 per 100g", "category": "Dairy, Eggs & Fridge"},
{"title": "Queen Victoria Tea Awaken Blend Tea Bags | 18 pack", "price": "$4.50", "price_calculation": "$0.25 per 1ea", "category": "Drinks"},
{"title": "Coles Perform Mexican Style Beef & Bean Soup | 400g", "price": "$5.00", "price_calculation": "$1.25 per 100g", "category": "Dairy, Eggs & Fridge"},
{"title": "Queen Victoria Tea Calming Blend Tea Bags | 18 pack", "price": "$4.50", "price_calculation": "$0.25 per 1ea", "category": "Drinks"},
{"title": "Castello Authentic Greek Feta | 150g", "price": "$5.50", "price_calculation": "$36.67 per 1kg", "category": "Dairy, Eggs & Fridge"},
{"title": "Buderim Ginger Ginger Refresher Cordial | 750mL", "price": "$4.50", "price_calculation": "$6.00 per 1L", "category": "Drinks"},
{"title": "Nature's Kitchen Cheddar Slices | 200g", "price": "$6.00", "price_calculation": "$30.00 per 1kg", "category": "Dairy, Eggs & Fridge"},
{"title": "H2aloe Aloe Vera Water with Pineapple | 1L", "price": "$4.60", "price_calculation": "$4.60 per 1L", "category": "Drinks"},
{"title": "Tidbit Spanish Goats Cheese | 150g", "price": "$6.00", "price_calculation": "$40.00 per 1kg", "category": "Dairy, Eggs & Fridge"},
{"title": "Tetley Natural Green Tea Bags 50 pack | 60g", "price": "$4.70", "price_calculation": "$0.09 per 1ea", "category": "Drinks"},
{"title": "Lemnos Dairy Organic Haloumi Cheese | 180g", "price": "$6.20", "price_calculation": "$34.45 per 1kg", "category": "Dairy, Eggs & Fridge"},
{"title": "Tetley Decaffeinated Green Tea Bags 50 pack | 87.5g", "price": "$4.70", "price_calculation": "$0.09 per 1ea", "category": "Drinks"},
{"title": "Lemnos Haloumi Smoked Paprika | 180g", "price": "$6.20", "price_calculation": "$34.45 per 1kg", "category": "Dairy, Eggs & Fridge"},
{"title": "Living Planet Goats Long Life Milk | 1L", "price": "$4.70", "price_calculation": "$4.70 per 1L", "category": "Drinks"},
{"title": "Vegie Delights Plant Based Savoury Mince | 400g", "price": "$6.50", "price_calculation": "$1.63 per 100g", "category": "Dairy, Eggs & Fridge"},
{"title": "Campbell's V8 Purple Power Juice | 1.25L", "price": "$4.80", "price_calculation": "$3.84 per 1L", "category": "Drinks"},
{"title": "Coles Kitchen Pineapple Cubes | 350g", "price": null, "price_calculation": null, "category": "Dairy, Eggs & Fridge"},
{"title": "Coles Smoothie Berry | 1L", "price": "$5.10", "price_calculation": "$5.10 per 1L", "category": "Drinks"},
{"title": "Coles Finest Wensleydale With Cranberry PGI | 150g", "price": "$6.50", "price_calculation": "$43.34 per 1kg", "category": "Dairy, Eggs & Fridge"},
{"title": "Campbell's V8 Hot & Spicy Juice | 1.25L", "price": "$5.50", "price_calculation": "$4.40 per 1L", "category": "Drinks"},
{"title": "South Cape Trilogy Summer Herbs Vintage Sun Tomato Cheese | 140g", "price": "$6.50", "price_calculation": "$46.43 per 1kg", "category": "Dairy, Eggs & Fridge"},
{"title": "Avalanche 99% Sugar Free Caramelised White Chocolate | 10 pack", "price": "$5.50", "price_calculation": "$0.55 per 1ea", "category": "Drinks"},
{"title": "South Cape Vintage Cheddar | 140g", "price": "$6.50", "price_calculation": "$46.43 per 1kg", "category": "Dairy, Eggs & Fridge"},
{"title": "L'Or Espresso Vanilla Capsules | 10 pack", "price": "$5.50", "price_calculation": "$0.55 per 1ea", "category": "Drinks"},
{"title": "Aunty Kath's Limited Edition Cookie Dough | 450g", "price": "$6.90", "price_calculation": "$1.53 per 100g", "category": "Dairy, Eggs & Fridge"},
{"title": "C4 Smart Energy Icy Blue Razz | 473mL", "price": "$5.50", "price_calculation": "$11.63 per 1L", "category": "Drinks"},
{"title": "Bio Cheese Creamy Original Spreadable | 150g", "price": "$7.00", "price_calculation": "$46.67 per 1kg", "category": "Dairy, Eggs & Fridge"},
{"title": "Sodastream Zeros Pink Grapefruit Water | 440mL", "price": "$6.00", "price_calculation": "$13.64 per 1L", "category": "Drinks"},
{"title": "Mersey Valley Club Green Peppercorn Cheese | 235g", "price": "$7.00", "price_calculation": "$29.79 per 1kg", "category": "Dairy, Eggs & Fridge"},
{"title": "Queen Victoria  Vanilla Chai Tea Bags | 50 pack", "price": "$6.00", "price_calculation": "$0.12 per 1ea", "category": "Drinks"},
{"title": "Coles Kitchen Filled Pasta Tortellini Mixed Veg | 630g", "price": "$7.00", "price_calculation": "$1.11 per 100g", "category": "Dairy, Eggs & Fridge"},
{"title": "Nexba Strawberry Peach Kombucha Drink | 1L", "price": "$6.20", "price_calculation": "$6.20 per 1L", "category": "Drinks"},
{"title": "Primo Thin Frankfurts | 1 kg", "price": "$7.40", "price_calculation": "$7.40 per 1kg", "category": "Dairy, Eggs & Fridge"},
{"title": "Nexba Mixed Berry Kombucha Drink | 1L", "price": "$6.20", "price_calculation": "$6.20 per 1L", "category": "Drinks"},
{"title": "National Pies Butter Chicken 2 pack | 360g", "price": "$7.45", "price_calculation": "$2.07 per 100g", "category": "Dairy, Eggs & Fridge"},
{"title": "Kintra Foods Dandy Chai Blend Tea Bags 32 pack | 90g", "price": "$6.50", "price_calculation": "$0.20 per 1ea", "category": "Drinks"},
{"title": "Get Plant'd Pepperoni Slices | 100g", "price": "$7.50", "price_calculation": "$7.50 per 100g", "category": "Dairy, Eggs & Fridge"},
{"title": "Lipton Lemon Flavour Sachet | 20 pack", "price": "$6.50", "price_calculation": "$0.33 per 1ea", "category": "Drinks"},
{"title": "Coyo Organic Coconut Yoghurt Vanilla Bean | 500g", "price": "$8.50", "price_calculation": "$1.70 per 100g", "category": "Dairy, Eggs & Fridge"},
{"title": "Sodasmith Finger Lime Soda Water Can 4x200mL | 4 pack", "price": "$6.50", "price_calculation": "$8.13 per 1L", "category": "Drinks"},
{"title": "Coyo Organic Coconut Yoghurt Greek Style | 500g", "price": "$8.50", "price_calculation": "$1.70 per 100g", "category": "Dairy, Eggs & Fridge"},
{"title": "Sodasmith Tonic Can 4x200mL | 4 pack", "price": "$6.50", "price_calculation": "$8.13 per 1L", "category": "Drinks"},
{"title": "Happy Lams Beef Balls | 190g", "price": "$8.50", "price_calculation": "$4.47 per 100g", "category": "Dairy, Eggs & Fridge"},
{"title": "Sodasmith Lemon Myrtle Tonic Can 4x200mL | 4 pack", "price": "$6.50", "price_calculation": "$8.13 per 1L", "category": "Drinks"},
{"title": "Jindi Dairy Cheese Camembert | 200g", "price": "$8.50", "price_calculation": "$42.50 per 1kg", "category": "Dairy, Eggs & Fridge"},
{"title": "Pukka Lemon Ginger & Manuka Honey Tea Sachets 20 pack | 40g", "price": "$6.60", "price_calculation": "$0.33 per 1ea", "category": "Drinks"},
{"title": "Pukka Three Mint Herbal Tea Sachets 20 pack | 32g", "price": "$6.60", "price_calculation": "$0.33 per 1ea", "category": "Drinks"},
{"title": "Pukka Relax Tea Bags 20 pack | 40g", "price": "$6.60", "price_calculation": "$0.33 per 1ea", "category": "Drinks"},
{"title": "Purr Seafood Selection Cat Food 12x85g | 12 pack", "price": "$8.80", "price_calculation": "$0.86 per 100g", "category": "Pet"},
{"title": "Pukka Night Time Berry | 20 pack", "price": "$6.60", "price_calculation": "$0.33 per 1ea", "category": "Drinks"},
{"title": "Dine Salmon In Seafood Sauce Cat Food Tray 85g | 7 pack", "price": "$9.00", "price_calculation": "$1.51 per 100g", "category": "Pet"},
{"title": "Que Soft Drink Cola 12x300mL | 12 pack", "price": "$6.80", "price_calculation": "$1.89 per 1L", "category": "Drinks"},
{"title": "Whiskas Favourites Favourites Kitten Mixed In Jelly Cat Food 12x85g | 12 pack", "price": "$12.00", "price_calculation": "$1.18 per 100g", "category": "Pet"},
{"title": "3M Command Clear Utensil Hooks | 3 pack", "price": "$9.00", "price_calculation": "$9.00 per 1ea", "category": "Household"},
{"title": "Nexba Mango Kombucha 4X330mL | 4 pack", "price": "$6.90", "price_calculation": "$5.23 per 1L", "category": "Drinks"},
{"title": "Coles Silica Gel Cat Litter Crystals | 3.6kg", "price": "$21.60", "price_calculation": "$6.00 per 1kg", "category": "Pet"},
{"title": "Powerfeed All Purpose Plant Food | 600mL", "price": "$9.20", "price_calculation": "$1.53 per 100mL", "category": "Household"},
{"title": "Nexba Kombucha Pineapple 330mL | 4 pack", "price": "$6.90", "price_calculation": "$5.23 per 1L", "category": "Drinks"},
{"title": "Pet Treat Bar Venison Soft Jerky | approx 100g", "price": "$6.00", "price_calculation": "$60.00 per 1kg", "category": "Pet"},
{"title": "Command Broom Gripper White | 1 pack", "price": "$9.20", "price_calculation": "$9.20 per 1ea", "category": "Household"},
{"title": "Dine Pulled Menu Salmon Cat Food | 85g", "price": "$1.60", "price_calculation": "$1.88 per 100g", "category": "Pet"},
{"title": "Mirabella Pilot ES Globe Warm White Led 1.2W 70 Lumens | 1 each", "price": "$9.50", "price_calculation": "$9.50 per 1ea", "category": "Household"},
{"title": "Nature's Gift Kangaroo Rice And Vegetable Dog Food | 700g", "price": "$3.50", "price_calculation": "$0.50 per 100g", "category": "Pet"},
{"title": "Coles Carry Tote Bag With Separator | 1 each", "price": "$9.50", "price_calculation": "$9.50 per 1ea", "category": "Household"},
{"title": "Brown Brothers Cienna 750mL | 1 Each", "price": "$18.00", "price_calculation": "$24.00 per 1L", "category": "Liquor"},
{"title": "Temptations Tantalising Turkey Flavour Cat Treats | 85g", "price": "$5.00", "price_calculation": "$5.88 per 100g", "category": "Pet"},
{"title": "Jelly Belly Duo Mini Air Freshener Tangerine | 2 pack", "price": "$9.50", "price_calculation": "$4.75 per 1ea", "category": "Household"},
{"title": "Crown Lager Bottle 375mL | 24 Pack", "price": "$58.00", "price_calculation": "$0.64 per 100mL", "category": "Liquor"},
{"title": "Harmony Sunflower Seed | 1.5kg", "price": "$7.00", "price_calculation": "$0.47 per 100g", "category": "Pet"},
{"title": "Off Kids Insect Repellant Pump Spray | 175mL", "price": "$9.50", "price_calculation": "$5.43 per 100mL", "category": "Household"},
{"title": "Kahlua Coffee Liqueur 700mL | 1 Each", "price": "$33.00", "price_calculation": "$47.14 per 1L", "category": "Liquor"},
{"title": "Dine Classic Terrine With Chicken Cat Food Multipack 7x85g | 7 pack", "price": "$9.00", "price_calculation": "$1.51 per 100g", "category": "Pet"},
{"title": "Glade Aromatherapy Reed Diffuser Orange & Neroli | 80mL", "price": "$9.60", "price_calculation": "$1.20 per 10mL", "category": "Household"},
{"title": "Bacardi Superior Rum 700mL | 1 Each", "price": "$47.00", "price_calculation": "$67.14 per 1L", "category": "Liquor"},
{"title": "Felix Agail Cat Food Meat Menu 85g | 24 pack", "price": "$22.00", "price_calculation": "$1.08 per 100g", "category": "Pet"},
{"title": "Selleys Liquid Nails | 100g", "price": "$9.60", "price_calculation": "$9.60 per 1ea", "category": "Household"},
{"title": "Rock Paper Scissors Rose 750mL | 1 Each", "price": "$6.00", "price_calculation": null, "category": "Liquor"},
{"title": "My Dog Shredded Meals Beef Dog Food | 100g", "price": "$1.80", "price_calculation": "$1.80 per 100g", "category": "Pet"},
{"title": "Thankyou Universal Cleaner Fragrance Free | 500mL", "price": "$9.95", "price_calculation": "$1.99 per 100mL", "category": "Household"},
{"title": "Jack Daniels Double Jack & No Sugar Cans 375mL | 4 Pack", "price": "$28.00", "price_calculation": "$18.67 per 1L", "category": "Liquor"},
{"title": "Purina One Adult Indoor Chicken Pouch Cat Food | 70g", "price": "$2.00", "price_calculation": "$2.86 per 100g", "category": "Pet"},
{"title": "Thankyou Universal Cleaner Grapefruit | 500mL", "price": "$9.95", "price_calculation": "$19.90 per 1L", "category": "Household"},
{"title": "Banrock Station Pink Moscato 750mL | 1 Each", "price": "$9.00", "price_calculation": "$12.00 per 1L", "category": "Liquor"},
{"title": "Fussy Cat Grain Free Crunchers Adult Cat Treats With Kangaroo | 100g", "price": "$2.80", "price_calculation": "$2.80 per 100g", "category": "Pet"},
{"title": "Magazine Australian Country Style | 1 each", "price": "$9.99", "price_calculation": null, "category": "Household"},
{"title": "Taylors One Small Step Shiraz 750mL | 1 Each", "price": "$12.00", "price_calculation": "$16.00 per 1L", "category": "Liquor"},
{"title": "Nature's Gift \"Adult All Breeds Wet Dog Food Casserole Gravy Lamb | 700g", "price": "$3.50", "price_calculation": "$0.50 per 100g", "category": "Pet"},
{"title": "Blaupunkt 10000Mah Wireless Portable Powerbank | 1 each", "price": "$34.99", "price_calculation": "$34.99 per 1ea", "category": "Household"},
{"title": "Johnnie Walker Double Black Scotch Whisky 700mL | 1 Each", "price": "$62.00", "price_calculation": "$88.57 per 1L", "category": "Liquor"},
{"title": "My Dog Classic Loaf With Wholesome Chicken & Turkey Can Wet Dog Food | 680g", "price": "$4.50", "price_calculation": "$0.66 per 100g", "category": "Pet"},
{"title": "Travel Phone Charger Pack 1.2M Each Cable | 1 each", "price": "$39.99", "price_calculation": "$39.99 per 1ea", "category": "Household"},
{"title": "Oyster Bay Pinot Noir 750mL | 1 Each", "price": "$20.00", "price_calculation": "$26.67 per 1L", "category": "Liquor"},
{"title": "Fussy Cat Grain Free Salmon & Oceanfish With Olive Oil Dry Cat food | 500g", "price": "$4.80", "price_calculation": "$0.96 per 100g", "category": "Pet"},
{"title": "Blaupunkt 200W Dc To Ac Power Inverter | 1 each", "price": "$39.99", "price_calculation": "$39.99 per 1ea", "category": "Household"},
{"title": "Fireball Cinnamon Flavoured Whisky 700mL | 1 Each", "price": "$64.00", "price_calculation": "$91.43 per 1L", "category": "Liquor"},
{"title": "Farmers Market Adult Chilled Fresh Dog Food Homestyle Shreds With Beef Red Lentils Peas & Carrot | 250g", "price": "$5.00", "price_calculation": "$2.00 per 100g", "category": "Pet"},
{"title": "Magazine Inside Out | 1 each", "price": "$9.99", "price_calculation": "$9.99 per 1ea", "category": "Household"},
{"title": "Cleanskin Rich & Spicy SEA Shiraz Cabernet 750mL | 1 Each", "price": "$5.50", "price_calculation": "$7.33 per 1L", "category": "Liquor"},
{"title": "Vitapet Jerhigh Milky Sticks Puppy Dog Treats | 100g", "price": "$5.30", "price_calculation": "$5.30 per 100g", "category": "Pet"},
{"title": "Grillman BBQ Reusable Hot Plate Liners 500mm X 400mm | 1 each", "price": "$10.00", "price_calculation": "$10.00 per 1ea", "category": "Household"},
{"title": "Mercury Hard Cider Can 375mL | 6 Pack", "price": "$19.00", "price_calculation": "$8.44 per 1L", "category": "Liquor"},
{"title": "Lux And Bones Kitty Kievs Cat Food Chicken & Salmon | 40g", "price": "$5.50", "price_calculation": "$13.75 per 100g", "category": "Pet"},
{"title": "Kiwi Extreme Protector | 139g", "price": "$10.00", "price_calculation": "$7.19 per 100g", "category": "Household"},
{"title": "Uberbrau Imported Lager Bottle 330mL | 24 Pack", "price": "$36.00", "price_calculation": "$4.55 per 1L", "category": "Liquor"},
{"title": "Coles Meat Variety Cat Food Pouch 12x85g | 12 pack", "price": "$6.00", "price_calculation": "$0.59 per 100g", "category": "Pet"},
{"title": "Coles Light Globes Led Round BC 5.5W 470Lum 2700K | 2 pack", "price": "$10.00", "price_calculation": "$5.00 per 1ea", "category": "Household"},
{"title": "Pirate Life South Coast Pale Ale Can 355mL | 4 Pack", "price": "$14.00", "price_calculation": "$9.86 per 1L", "category": "Liquor"},
{"title": "No Vac Pet Foam Carpet Sanitiser & Deodoriser | 290g", "price": "$6.00", "price_calculation": "$2.07 per 100g", "category": "Pet"},
{"title": "Coles Light Globes Led ES 5.5W 470Lum 2700K | 2 pack", "price": "$10.00", "price_calculation": "$5.00 per 1ea", "category": "Household"},
{"title": "Grant Burge 5th Generation Merlot 750mL | 1 Each", "price": "$14.00", "price_calculation": "$18.67 per 1L", "category": "Liquor"},
{"title": "4 Legs Natural Wellness Boost Dog Food With Beef Vegies & Fruit Meatballs | 870g", "price": "$7.80", "price_calculation": "$0.90 per 100g", "category": "Pet"},
{"title": "Brunnings Bug Kill | 1L", "price": "$10.00", "price_calculation": "$10.00 per 1L", "category": "Household"},
{"title": "Stella Artois Bottle 330mL | 24 Pack", "price": "$50.00", "price_calculation": null, "category": "Liquor"},
{"title": "Felix Agail Cat Food Ocean Menu 85g | 24 pack", "price": "$22.00", "price_calculation": "$1.08 per 100g", "category": "Pet"},
{"title": "Selleys No More Gaps | 320g", "price": "$10.00", "price_calculation": "$31.25 per 1kg", "category": "Household"},
{"title": "Whispers Chardonnay 750mL | 1 Each", "price": "$5.00", "price_calculation": "$6.67 per 1L", "category": "Liquor"},
{"title": "Dine Pulled Menu Gravy Indulgence Tuna Cat Food | 85g", "price": "$1.60", "price_calculation": "$1.88 per 100g", "category": "Pet"},
{"title": "Hallmark Video Greeting Christmas Card Spirit Brite | 1 each", "price": null, "price_calculation": null, "category": "Household"},
{"title": "Mumm Cordon Rouge NV Champagne 750mL | 1 Each", "price": "$65.00", "price_calculation": "$86.67 per 1L", "category": "Liquor"},
{"title": "Coles Cat Food Seafood Cocktail | 400g", "price": "$1.75", "price_calculation": "$0.44 per 100g", "category": "Pet"},
{"title": "Hallmark Video Greeting Christmas Card Cheer | 1 each", "price": null, "price_calculation": null, "category": "Household"},
{"title": "Little Creatures Pale Ale Bottle 330mL | 6 Pack", "price": "$19.00", "price_calculation": null, "category": "Liquor"},
{"title": "Fancy Feast Savory Centers Salmon Pate Cat Food | 85g", "price": "$2.60", "price_calculation": "$3.06 per 100g", "category": "Pet"},
{"title": "Hallmark Video Greeting Christmas Card Christmas Tree | 1 each", "price": null, "price_calculation": null, "category": "Household"},
{"title": "Somersby Pear Cider Bottle 330mL | 6 Pack", "price": "$16.00", "price_calculation": "$8.08 per 1L", "category": "Liquor"},
{"title": "Nature's Gift Chicken Rice And Vegetable Dog Food | 700g", "price": "$3.50", "price_calculation": "$0.50 per 100g", "category": "Pet"},
{"title": "Hallmark Video Greeting Christmas Card Family | 1 each", "price": null, "price_calculation": null, "category": "Household"},
{"title": "Jacob's Creek Reserve Sparkling Prosecco 750mL | 1 Each", "price": "$16.00", "price_calculation": "$2.13 per 100mL", "category": "Liquor"},
{"title": "Chandler Original Clay Cat Litter | 7L", "price": "$7.90", "price_calculation": "$1.13 per 1L", "category": "Pet"},
{"title": "Hallmark Video Greeting Christmas Card Penguins | 1 each", "price": null, "price_calculation": null, "category": "Household"},
{"title": "Taylors One Small Step Cabernet Sauvignon 750mL | 1 Each", "price": "$12.00", "price_calculation": "$16.00 per 1L", "category": "Liquor"},
{"title": "4 Legs Lamb With Beetroot & Green Beans Dog Food Trays | 1.3kg", "price": "$8.50", "price_calculation": "$0.65 per 100g", "category": "Pet"},
{"title": "Comfort Fabric Conditioner Rosy Blush | 900mL", "price": "$10.00", "price_calculation": "$11.11 per 1L", "category": "Household"},
{"title": "Smirnoff Ice Double Black 6.5% Cans 330mL | 4 Pack", "price": "$25.00", "price_calculation": "$18.94 per 1L", "category": "Liquor"},
{"title": "Dine Slices With Chicken Wet Cat Food 85g Tray | 7 pack", "price": "$9.00", "price_calculation": "$1.51 per 100g", "category": "Pet"},
{"title": "Cook & Dine Silicone Loaf Cake Mould | 1 each", "price": "$10.00", "price_calculation": "$10.00 per 1ea", "category": "Household"},
{"title": "Wild Turkey Rare & Cola Can 8% 320mL | 4 Pack", "price": "$32.00", "price_calculation": "$25.00 per 1L", "category": "Liquor"},
{"title": "Breeders Choice Choice Cat Litter Paper | 6L", "price": "$9.00", "price_calculation": "$1.50 per 1L", "category": "Pet"},
{"title": "Curtis Stone Ramekin Medium | 1 each", "price": "$10.00", "price_calculation": "$10.00 per 1ea", "category": "Household"},
{"title": "Strongbow Original Cider Bottle 330mL | 6 Pack", "price": "$12.00", "price_calculation": "$6.06 per 1L", "category": "Liquor"},
{"title": "Dine Saucy Morsels With Ocean Fish Wet Cat Food 85g Tray | 7 pack", "price": "$9.00", "price_calculation": "$1.51 per 100g", "category": "Pet"},
{"title": "Cook & Dine Cheese Knife Set | 2 pack", "price": "$10.00", "price_calculation": "$5.00 per 1ea", "category": "Household"},
{"title": "Baileys Irish Cream Liqueur 700mL | 1 Each", "price": "$43.00", "price_calculation": "$61.43 per 1L", "category": "Liquor"},
{"title": "Love'em Dog Treats Beef Liver | 200g", "price": "$11.20", "price_calculation": "$5.60 per 100g", "category": "Pet"},
{"title": "Aware Laundry Powder Sensitive | 1kg", "price": "$10.00", "price_calculation": "$10.00 per 1kg", "category": "Household"},
{"title": "Earthworks South Australia Riesling 750mL | 1 Each", "price": "$12.00", "price_calculation": "$16.00 per 1L", "category": "Liquor"},
{"title": "Supercoat Senior With Fish Dry Dog Food | 2.6kg", "price": "$18.00", "price_calculation": "$0.69 per 100g", "category": "Pet"},
{"title": "Combat Moth-Rid Clothing Protector 4mL | 3 pack", "price": "$10.00", "price_calculation": "$3.33 per 1ea", "category": "Household"},
{"title": "KenTucky Straight Bourbon Whiskey 700mL | 1 Each", "price": "$43.00", "price_calculation": "$61.43 per 1L", "category": "Liquor"},
{"title": "Pet Treat Bar Beef Trachea | approx 100g", "price": "$6.00", "price_calculation": "$60.00 per 1kg", "category": "Pet"},
{"title": "Cook & Dine Double Oven Glove | 1 each", "price": "$10.00", "price_calculation": "$10.00 per 1ea", "category": "Household"},
{"title": "Donnari Rosso Lambrusco 750mL | 1 Each", "price": "$8.00", "price_calculation": "$10.67 per 1L", "category": "Liquor"},
{"title": "Coles Cat Food Mince With Chicken Gravy Adult | 400g", "price": "$1.75", "price_calculation": "$0.44 per 100g", "category": "Pet"},
{"title": "Moki Go Micro USB To USB Syncharge Cable 1.2M | 1 each", "price": "$10.00", "price_calculation": "$10.00 per 1ea", "category": "Household"},
{"title": "Mercury Hard Cider Crushed Raspberry Can 375mL | 6 Pack", "price": "$19.00", "price_calculation": "$8.44 per 1L", "category": "Liquor"},
{"title": "Optimum Chicken Loaf Adult Wet Dog Food Tray | 100g", "price": "$1.80", "price_calculation": "$1.80 per 100g", "category": "Pet"},
{"title": "Fila Fxt Light Muscle Band | 1 each", "price": "$10.00", "price_calculation": "$10.00 per 1ea", "category": "Household"},
{"title": "Wild Turkey 101 Kentucky Straight Bourbon Whiskey 700mL | 1 Each", "price": "$65.00", "price_calculation": "$92.86 per 1L", "category": "Liquor"},
{"title": "Applaws Tuna Fillet with Seaweed Canned Cat Food | 70g", "price": "$1.85", "price_calculation": "$2.64 per 100g", "category": "Pet"},
{"title": "Fila Fxt 2kg Dumbbell | 1 each", "price": "$10.00", "price_calculation": "$10.00 per 1ea", "category": "Household"},
{"title": "Fat Bastard Chardonnay 750mL | 1 Each", "price": "$22.00", "price_calculation": "$2.93 per 100mL", "category": "Liquor"},
{"title": "Fila Fxt Adjustable Strength Cruncher | 1 each", "price": "$10.00", "price_calculation": "$10.00 per 1ea", "category": "Household"},
{"title": "Jim Beam Black Extra-Aged Kentucky Straight Bourbon 700mL | 1 Each", "price": "$53.00", "price_calculation": "$75.72 per 1L", "category": "Liquor"},
{"title": "Botanica By Air Wick Clear Glass Scented Candle Pineapple & Tunisian Rosemary | 1 each", "price": "$10.00", "price_calculation": "$10.00 per 1ea", "category": "Household"},
{"title": "De Bortoli Premium Shiraz Cabernet Cask 4Litre | 1 Each", "price": "$22.00", "price_calculation": "$5.50 per 1L", "category": "Liquor"},
{"title": "Greenlife Utensil Set | 5 pack", "price": null, "price_calculation": null, "category": "Household"},
{"title": "Continental Liqueurs Triple Sec 500mL | 1 Each", "price": "$10.00", "price_calculation": "$20.00 per 1L", "category": "Liquor"},
{"title": "Bulk Snack Zipper Bags | 350 pack", "price": null, "price_calculation": null, "category": "Household"},
{"title": "Selaks Taste Collection Honeysuckle Pinot Gris 750mL | 1 Each", "price": "$13.00", "price_calculation": "$17.33 per 1L", "category": "Liquor"},
{"title": "Miirabella Led ST58 Filament Amber ES 2W 150LM | 1 each", "price": null, "price_calculation": null, "category": "Household"},
{"title": "Monkey Shoulder Blended Malt Scotch 700mL | 1 Each", "price": "$74.00", "price_calculation": "$105.72 per 1L", "category": "Liquor"},
{"title": "Mortein Mosquito Coil Burners | 30 pack", "price": "$10.00", "price_calculation": "$0.33 per 1ea", "category": "Household"},
{"title": "Grape and Vine Sauvignon Blanc 750mL | 1 Each", "price": "$10.00", "price_calculation": "$13.33 per 1L", "category": "Liquor"},
{"title": "Toolworx 6 In 1 Ratchet Screwdriver | 1 pack", "price": "$10.25", "price_calculation": null, "category": "Household"},
{"title": "Ratsak Max Strength Rat Trap | 1 each", "price": "$10.25", "price_calculation": "$10.25 per 1ea", "category": "Household"},
{"title": "Korbond Fashion Tape | 1 pack", "price": "$10.50", "price_calculation": "$10.50 per 1ea", "category": "Household"},
{"title": "Fisher Price Little People Babies Figure And Gear | 1 each", "price": "$10.50", "price_calculation": "$10.50 per 1ea", "category": "Household"},
{"title": "Vtech Take Along Tune Radio | 1 each", "price": "$21.00", "price_calculation": "$21.00 per 1ea", "category": "Household"},
{"title": "Tommee Tippee Narrow Neck Baby Bottle 250ml 3 Pack 0m+ | 3 pack", "price": "$12.00", "price_calculation": "$4.00 per 1ea", "category": "Baby"},
{"title": "Huggies Ultimate Nappies Size 3 (6-11kg) | 72 pack", "price": "$41.00", "price_calculation": "$56.95 per 100ea", "category": "Baby"},
{"title": "Tommee Tippee Sportee Toddler Bottle 390ml 12m+ | 1 pack", "price": "$12.00", "price_calculation": "$12.00 per 1ea", "category": "Baby"},
{"title": "Huggies Ultimate Nappies Size 5 (13-18kg) | 52 pack", "price": "$41.00", "price_calculation": "$78.85 per 100ea", "category": "Baby"},
{"title": "Tommee Tippee Weighted Straw Toddler Cup 300ml | 1 pack", "price": "$12.00", "price_calculation": "$12.00 per 1ea", "category": "Baby"},
{"title": "Huggies Ultimate Nappy Pants Size 4 (10-15kg) | 56 pack", "price": "$41.00", "price_calculation": "$73.21 per 100ea", "category": "Baby"},
{"title": "Munchkin Love-A-Bowls | 10 Pack", "price": "$12.20", "price_calculation": "$1.22 per 1ea", "category": "Baby"},
{"title": "Huggies Ultimate Nappy Pants Size 5 (14-18 kg) | 52 pack", "price": "$41.00", "price_calculation": "$78.85 per 100ea", "category": "Baby"},
{"title": "Tommee Tippee Easiflow Trainer Cup 200ml 6m+ | 1 pack", "price": "$12.30", "price_calculation": "$12.30 per 1ea", "category": "Baby"},
{"title": "Karicare Goat Milk Follow On Formula | 900g", "price": "$50.00", "price_calculation": "$5.56 per 100g", "category": "Baby"},
{"title": "Tommee Tippee Transition Baby to Toddler Cup 4m+ | 1 pack", "price": "$12.30", "price_calculation": "$12.30 per 1ea", "category": "Baby"},
{"title": "Coles Chicken With Vegetables 6+ Months | 120g", "price": "$1.00", "price_calculation": "$0.83 per 100g", "category": "Baby"},
{"title": "Gro To Bad Dream Buster Calming Room Spray | 70mL", "price": "$12.50", "price_calculation": "$17.86 per 100mL", "category": "Baby"},
{"title": "Johnson's Baby Powder | 100g", "price": null, "price_calculation": null, "category": "Baby"},
{"title": "Disney Travel Bib Mickey Mouse | 1 each", "price": "$13.00", "price_calculation": "$13.00 per 1ea", "category": "Baby"},
{"title": "Bellamy's Organic Banana Custard With Flaxseed  6 + Months | 120g", "price": "$2.00", "price_calculation": "$1.67 per 100g", "category": "Baby"},
{"title": "Dermal Therapy Little Bodies Eczema Body Wash & Shampoo | 210mL", "price": "$13.00", "price_calculation": "$6.19 per 100mL", "category": "Baby"},
{"title": "Only Organic Kumara Carrot & Coconut Rice Baby Food 8+ Months | 170g", "price": null, "price_calculation": null, "category": "Baby"},
{"title": "Tommee Tippee Antic Colic Medium Flow Teat 2 Pack 3m+ | 2 pack", "price": "$13.00", "price_calculation": "$6.50 per 1ea", "category": "Baby"},
{"title": "CUB Standard Neck Silicone Teats 6+ Months | 2 pack", "price": "$3.50", "price_calculation": "$1.75 per 1ea", "category": "Baby"},
{"title": "B.box Spout Cup Assorted | 1 each", "price": "$13.50", "price_calculation": "$13.50 per 1ea", "category": "Baby"},
{"title": "Bellamy's Organic Apple & Pear Baby Snacks | 20g", "price": "$3.50", "price_calculation": "$17.50 per 100g", "category": "Baby"},
{"title": "B.box Cleaning Brush Set | 1 pack", "price": "$13.50", "price_calculation": "$13.50 per 1ea", "category": "Baby"},
{"title": "Keep It Cleaner Toddler Wheat Free Cereal Plain | 225g", "price": "$4.00", "price_calculation": "$1.78 per 100g", "category": "Baby"},
{"title": "Cub Singlet Bodysuit Yellow & Grey | 2 pack", "price": "$14.00", "price_calculation": "$7.00 per 1ea", "category": "Baby"},
{"title": "Mighty Bellies Puffcorn BBQ Flavoured | 30g", "price": "$4.75", "price_calculation": "$15.83 per 100g", "category": "Baby"},
{"title": "CUB Singlet Bodysuit Beige & Green | 1 pack", "price": "$14.00", "price_calculation": "$14.00 per 1ea", "category": "Baby"},
{"title": "CUB Milk Powder Container | 1 each", "price": "$5.00", "price_calculation": "$5.00 per 1ea", "category": "Baby"},
{"title": "Kiddylicious Veggies Straws | 10 pack", "price": null, "price_calculation": null, "category": "Baby"},
{"title": "CUB Weaning Spoon Set | 3 pack", "price": "$5.00", "price_calculation": "$1.67 per 1ea", "category": "Baby"},
{"title": "B.box Silicon Mesh Feeder Assorted | 1 each", "price": "$14.00", "price_calculation": "$14.00 per 1ea", "category": "Baby"},
{"title": "Nestle Cerelac Multigrain with Banana & Apple Baby Cereal Stage 3 | 200g", "price": "$6.00", "price_calculation": "$3.00 per 100g", "category": "Baby"},
{"title": "Infacare Comfort Stage 1 Formula | 850g", "price": "$14.50", "price_calculation": "$1.71 per 100g", "category": "Baby"},
{"title": "CUB Bamboo Fibre Divided Plate | 1 each", "price": "$6.00", "price_calculation": "$6.00 per 1ea", "category": "Baby"},
{"title": "Infacare Comfort Stage 2 Formula | 850g", "price": "$14.50", "price_calculation": "$1.71 per 100g", "category": "Baby"},
{"title": "Whole Kids Organic Soft Cereal Biscuits Spelt & Apple 6M+ | 120g", "price": "$6.00", "price_calculation": "$5.00 per 100g", "category": "Baby"},
{"title": "Coles Gold Toddler Milk Drink Stage 3 | 900g", "price": "$15.00", "price_calculation": "$1.67 per 100g", "category": "Baby"},
{"title": "Whole Kids Organic Smoothie Drops  Berry & Coconut Yoghurt 11M+ Reseal Bag | 20g", "price": "$6.20", "price_calculation": "$31.00 per 100g", "category": "Baby"},
{"title": "Ecostore Baby Shampoo | 500mL", "price": "$15.00", "price_calculation": "$3.00 per 100mL", "category": "Baby"},
{"title": "Tommee Tippee Baby Cherry Latex Dummy 2 Pack 6-18m | 2 pack", "price": "$6.30", "price_calculation": "$3.15 per 1ea", "category": "Baby"},
{"title": "Infants Friend Oral Liquid | 100mL", "price": "$15.00", "price_calculation": "$15.00 per 100mL", "category": "Baby"},
{"title": "Tommee Tippee Baby Cherry Latex Dummy 2 Pack 18-36m | 2 pack", "price": "$6.30", "price_calculation": "$3.15 per 1ea", "category": "Baby"},
{"title": "Medela Soft Silicone Soothers Assorted Colours 0-6months | 2 pack", "price": "$15.20", "price_calculation": "$7.60 per 1ea", "category": "Baby"},
{"title": "Tomy Take & Toss Sipper Cup | 6 pack", "price": "$7.00", "price_calculation": "$1.17 per 1ea", "category": "Baby"},
{"title": "Medela Soft Silicone Soothers Assorted Colours 6-18months | 2 pack", "price": "$15.20", "price_calculation": "$7.60 per 1ea", "category": "Baby"},
{"title": "Avent Medium Flow Teat 3+ Months | 2 pack", "price": "$7.17", "price_calculation": "$3.59 per 1ea", "category": "Baby"},
{"title": "Little By The Base Collective Sleep Spray | 125mL", "price": "$15.30", "price_calculation": "$12.24 per 100mL", "category": "Baby"},
{"title": "Baby U Disposable Change 10 Mats | 1 pack", "price": "$7.50", "price_calculation": "$7.50 per 1ea", "category": "Baby"},
{"title": "Rascal + Friends Nappies Size 1 Newborn | 54 pack", "price": "$16.00", "price_calculation": "$29.63 per 100ea", "category": "Baby"},
{"title": "New Beginnings Nipple Shields | 2 pack", "price": "$7.50", "price_calculation": "$3.75 per 1ea", "category": "Baby"},
{"title": "Babylove Cosifit Infnt Nappies Size 2 (3-8Kg) | 44 pack", "price": "$16.00", "price_calculation": "$36.36 per 100ea", "category": "Baby"},
{"title": "Euky Bearub | 50g", "price": "$7.50", "price_calculation": "$15.00 per 100g", "category": "Baby"},
{"title": "CUB Zip Coverall Yellow | 2 pack", "price": "$16.00", "price_calculation": "$8.00 per 1ea", "category": "Baby"},
{"title": "Kiddylicious Veggie Straws Cheesy Flavour | 4 pack", "price": "$7.80", "price_calculation": "$1.95 per 1ea", "category": "Baby"},
{"title": "Tommee Tippee Roll n Go Baby Bib 2 Pack 6m+ | 2 pack", "price": "$17.00", "price_calculation": "$8.50 per 1ea", "category": "Baby"},
{"title": "Kiddylicious Banana Fruty Puffs | 4 pack", "price": "$7.80", "price_calculation": "$1.95 per 1ea", "category": "Baby"},
{"title": "Tommee Tippee Nappy Bin Twist & Click Refill 1 Pack | 1 pack", "price": "$17.00", "price_calculation": "$17.00 per 1ea", "category": "Baby"},
{"title": "CUB Potty | 1 each", "price": "$8.00", "price_calculation": null, "category": "Baby"},
{"title": "Gro To Super Softy Nourishing Body Lotion | 150mL", "price": "$17.00", "price_calculation": "$11.33 per 100mL", "category": "Baby"},
{"title": "Avent Animal Ultra Air Soothers 6-18 Months | 2 pack", "price": "$8.37", "price_calculation": "$4.19 per 1ea", "category": "Baby"},
{"title": "Bambino Mio Reusable Swim Nappy 2+ Years | 1 each", "price": "$17.60", "price_calculation": "$17.60 per 1ea", "category": "Baby"},
{"title": "Munchkin Stay Put Suction Plate | 1 each", "price": "$8.95", "price_calculation": "$8.95 per 1ea", "category": "Baby"},
{"title": "Tommee Tippee Anti-Colic Bottle 260ml 2 Pack Newborn+ | 2 pack", "price": "$18.20", "price_calculation": "$9.10 per 1ea", "category": "Baby"},
{"title": "Tommee Tippee Narrow Neck Fast Flow Teat 2 Pack 6m+ | 2 pack", "price": "$9.00", "price_calculation": "$4.50 per 1ea", "category": "Baby"},
{"title": "Tommee Tippee Baby Bottle 340ml 2 Pack 3m+ | 2 pack", "price": "$18.55", "price_calculation": "$9.28 per 1ea", "category": "Baby"},
{"title": "Tommee Tippee Baby Bottle 260ml 1 Pack Newborn+ | 1 pack", "price": "$9.20", "price_calculation": "$9.20 per 1ea", "category": "Baby"},
{"title": "Babylove Nappy Pants Size 5 (12-17Kg) | 25 pack", "price": "$20.00", "price_calculation": "$0.80 per 1ea", "category": "Baby"},
{"title": "Tommee Tippee Easigrip Weaning Spoons 5 Pack 6m+ | 5 pack", "price": "$9.20", "price_calculation": "$1.84 per 1ea", "category": "Baby"},
{"title": "Alula S-26 Original Stage 1 Formula 0-6 Months | 900g", "price": "$20.00", "price_calculation": "$2.22 per 100g", "category": "Baby"},
{"title": "Nuk Signature Soothers 0-6 Months | 2 pack", "price": "$9.45", "price_calculation": "$4.73 per 1ea", "category": "Baby"},
{"title": "Malarkey Munch Mitt Teething Mitten | 1 pack", "price": "$20.00", "price_calculation": "$20.00 per 1ea", "category": "Baby"},
{"title": "Otrivin Baby & Kids Saline Solution Nasal Spray | 15mL", "price": "$9.50", "price_calculation": "$63.34 per 100mL", "category": "Baby"},
{"title": "Multi-Mam Compresses | 12 pack", "price": "$20.00", "price_calculation": "$1.67 per 1ea", "category": "Baby"},
{"title": "Tommee Tippee Bottle Teat Medium Flow 2 Pack 3m+ | 2 pack", "price": "$10.00", "price_calculation": "$5.00 per 1ea", "category": "Baby"},
{"title": "Huggies Ultra Dry Nappy Pants Boys Size 4 (9-14kg) | 29 pack", "price": "$22.00", "price_calculation": "$0.76 per 1ea", "category": "Baby"},
{"title": "Tommee Tippee Bottle Teat Fast Flow 2 Pack 6m+ | 2 pack", "price": "$10.00", "price_calculation": "$5.00 per 1ea", "category": "Baby"},
{"title": "Tooshies Eco Nappies Reuseable Cloth Nappy | 1 pack", "price": "$22.00", "price_calculation": "$22.00 per 1ea", "category": "Baby"},
{"title": "Marcalan Nipple Cream | 30g", "price": "$10.00", "price_calculation": "$33.33 per 100g", "category": "Baby"},
{"title": "Medela Breast Milk Storage Bags | 25 pack", "price": "$22.50", "price_calculation": "$0.90 per 1ea", "category": "Baby"},
{"title": "B.box Silicone Bowls Assorted | 1 each", "price": "$10.00", "price_calculation": "$10.00 per 1ea", "category": "Baby"},
{"title": "B.box Mini Insulated Food Jar | 1 each", "price": "$23.00", "price_calculation": "$23.00 per 1ea", "category": "Baby"},
{"title": "Tommee Tippee Freezer Weaning Pots 60ml 4 Pack 4m+ | 4 pack", "price": "$10.00", "price_calculation": "$2.50 per 1ea", "category": "Baby"},
{"title": "B.box Trio Teether Assorted | 1 each", "price": "$24.00", "price_calculation": "$24.00 per 1ea", "category": "Baby"},
{"title": "Huggies Disney Movie Classics Book Gift With Purchase | 1 each", "price": "$10.00", "price_calculation": "$10.00 per 1ea", "category": "Baby"},
{"title": "Aveeno Baby Dermexa Fragrance Free Moisturising Cream | 206g", "price": "$24.50", "price_calculation": "$11.89 per 100g", "category": "Baby"},
{"title": "Tommee Tippee Kalani Mini Silicone Baby Teether 3m+ | 1 pack", "price": "$10.20", "price_calculation": "$10.20 per 1ea", "category": "Baby"},
{"title": "Tommee Tippee  Carton Weaning Starter Kit | 1 each", "price": "$25.00", "price_calculation": "$25.00 per 1ea", "category": "Baby"},
{"title": "Tommee Tippee 1st Cutlery Set Fork Knife Spoon 12m+ | 1 pack", "price": "$10.20", "price_calculation": "$10.20 per 1ea", "category": "Baby"},
{"title": "Tooshies Eco Nappies Size 3 Crawler | 44 Pack", "price": "$26.00", "price_calculation": "$59.09 per 100ea", "category": "Baby"},
{"title": "Nuby No Spill Twin Handle Sipper Cup 295mL | 1 each", "price": "$10.50", "price_calculation": "$10.50 per 1ea", "category": "Baby"},
{"title": "Gro To Skin Wizard Nourishing Baby Oil | 150mL", "price": "$26.00", "price_calculation": "$17.33 per 100mL", "category": "Baby"},
{"title": "Nuby Assorted Tritan Flip It With Weighted Straw 240mL | 1 each", "price": "$11.00", "price_calculation": "$11.00 per 1ea", "category": "Baby"},
{"title": "Huggies Thick Baby Wipes Fragrance Free | 640 pack", "price": null, "price_calculation": null, "category": "Baby"},
{"title": "Bambino Mio Toilet Training Undies 2-3 years | 1 each", "price": "$11.60", "price_calculation": "$11.60 per 1ea", "category": "Baby"},
{"title": "Nestle NAN A.R. Baby Infant Formula For Regurgitation From Birth To 12 Months  | 800g", "price": "$26.50", "price_calculation": "$3.31 per 100g", "category": "Baby"},
{"title": "B.box 360 Cup | 1 each", "price": "$13.00", "price_calculation": "$13.00 per 1ea", "category": "Baby"},
{"title": "CUB Popover Bibs | 3 pack", "price": "$14.00", "price_calculation": "$4.67 per 1ea", "category": "Baby"},
{"title": "Ecostore Baby Bubble Bath | 500mL", "price": "$15.00", "price_calculation": "$3.00 per 100mL", "category": "Baby"},
{"title": "Karicare+ 3 Toddler Milk Drink From 12+ Months | 900g", "price": "$16.00", "price_calculation": "$1.78 per 100g", "category": "Baby"},
{"title": "Rascal + Friends Nappies Size 2 Infant | 48 pack", "price": "$16.00", "price_calculation": "$33.33 per 100ea", "category": "Baby"},
{"title": "Babylove Cosifit Newborn Nappies Size 1 (Up To 5Kg) | 48 pack", "price": "$16.00", "price_calculation": "$33.33 per 100ea", "category": "Baby"},
{"title": "Gaia Natural Baby Sleeptime Bath | 500mL", "price": "$17.00", "price_calculation": "$3.40 per 100mL", "category": "Baby"},
{"title": "Gaia Natural Baby Moisturiser | 500mL", "price": "$17.00", "price_calculation": "$3.40 per 100mL", "category": "Baby"},
{"title": "Huggies Thick Baby Wipes Coconut Oil | 1 pack", "price": "$18.00", "price_calculation": "$18.00 per 1ea", "category": "Baby"},
{"title": "B.box Disney Sippy Cup Assorted | 1 each", "price": "$18.00", "price_calculation": "$18.00 per 1ea", "category": "Baby"},
{"title": "Huggies Ultra Dry Nappy Pants Girls Size 4 (9-14kg) | 29 pack", "price": "$22.00", "price_calculation": "$0.76 per 1ea", "category": "Baby"},
{"title": "Nestle NAN Optipro 3 Premium Toddler Milk Drink Powder From 1 Year  | 800g", "price": "$23.00", "price_calculation": "$2.88 per 100g", "category": "Baby"},
{"title": "B.box Mini Lunchbox Assorted | 1 pack", "price": "$26.00", "price_calculation": "$26.00 per 1ea", "category": "Baby"},
{"title": "Nestle NAN SUPREMEpro 4 Premium Toddler Milk Drink Powder From 2 Years | 800g", "price": "$28.00", "price_calculation": "$3.50 per 100g", "category": "Baby"},
{"title": "Beyond By Babylove Nappies Size 3 (6-11Kg) | 46 pack", "price": "$28.00", "price_calculation": "$60.87 per 100ea", "category": "Baby"},
{"title": "Beyond By Babylove Nappies Size 4 (9-14Kg) | 38 pack", "price": "$28.00", "price_calculation": "$0.74 per 1ea", "category": "Baby"},
{"title": "Rascal + Friends Nappies Size 2 Infant | 96 pack", "price": "$30.00", "price_calculation": "$31.25 per 100ea", "category": "Baby"},
{"title": "Babylove Cosifit Infant Nappies Size 2 (3-8Kg) | 76 pack", "price": "$30.00", "price_calculation": "$39.47 per 100ea", "category": "Baby"},
{"title": "Bubs Organic Grass Fed Formula Stage 3 Toddler | 800g", "price": "$32.00", "price_calculation": "$4.00 per 100g", "category": "Baby"},
{"title": "Bellamy's Organic Infant Formula Step 3 Toddler | 900g", "price": "$32.30", "price_calculation": "$3.59 per 100g", "category": "Baby"},
{"title": "B.box Lunch Box | 1 each", "price": "$33.00", "price_calculation": "$33.00 per 1ea", "category": "Baby"},
{"title": "B.box Insulated Drink Bottle 350mL Assorted | 1 each", "price": "$33.00", "price_calculation": "$33.00 per 1ea", "category": "Baby"},
{"title": "Bellamy's Organic Step 2 Follow On Infant Formula | 900g", "price": "$34.40", "price_calculation": "$3.82 per 100g", "category": "Baby"},
{"title": "Nestle Nan Supremepro 1 Premium Starter Baby Infant Formula Powder From Birth | 800g", "price": "$36.00", "price_calculation": "$4.50 per 100g", "category": "Baby"},
{"title": "A2 Junior Stage 4 Platinum Premium Formula | 900g", "price": "$38.00", "price_calculation": "$4.22 per 100g", "category": "Baby"},
{"title": "Bubs Goat Milk Infant Formula Stage 1 | 800g", "price": "$39.00", "price_calculation": "$4.88 per 100g", "category": "Baby"},
{"title": "Huggies Ultra Dry Nappies Boys Size 6 (16+kg) | 60 pack", "price": "$40.00", "price_calculation": "$66.67 per 100ea", "category": "Baby"},
{"title": "Bubs Supreme A2 Stage 1 Infant Formula | 800g", "price": "$40.00", "price_calculation": "$5.00 per 100g", "category": "Baby"},
{"title": "Huggies Ultra Dry Nappies Girls Size 4 (10-15kg) | 72 pack", "price": "$40.00", "price_calculation": "$55.56 per 100ea", "category": "Baby"},
{"title": "Oli6 Stage 1 Goat Milk Infant Formula 0-6 Months | 800g", "price": "$40.50", "price_calculation": "$5.06 per 100g", "category": "Baby"},
{"title": "Huggies Ultimate Nappies Size 4 (10-15kg) | 58 pack", "price": "$41.00", "price_calculation": "$70.69 per 100ea", "category": "Baby"},
{"title": "WaterWipes Fragrance Free Sensitive Skin 540 Baby Wipes | 540 pack", "price": "$56.00", "price_calculation": "$10.37 per 100ea", "category": "Baby"},
{"title": "Only Organic Free Range Chicken Bolognese 10+ Months | 170g", "price": "$2.90", "price_calculation": "$1.71 per 100g", "category": "Baby"},
{"title": "Keep It Cleaner Toddler Tri-Veg Pasta Dinosaurs | 250g", "price": "$3.60", "price_calculation": "$1.44 per 100g", "category": "Baby"},
{"title": "Wholekids Mango Banana & Coconut Milk Smoothie Drops | 20g", "price": "$4.80", "price_calculation": "$24.00 per 100g", "category": "Baby"},
{"title": "New Beginnings Ultrathin Nursing Pads | 40 pack", "price": "$5.60", "price_calculation": "$0.14 per 1ea", "category": "Baby"},
{"title": "Corams Baby Gripe Water | 200mL", "price": "$7.70", "price_calculation": "$3.85 per 100mL", "category": "Baby"},
{"title": "Avent Feeding Bottle 260ml | 1 each", "price": "$7.77", "price_calculation": "$7.77 per 1ea", "category": "Baby"},
{"title": "Tommee Tippee Baby Fresh Food Feeder 4m+ | 1 pack", "price": "$8.00", "price_calculation": "$8.00 per 1ea", "category": "Baby"},
{"title": "CUB Feeding Bottles With Medium Flow Silicone Teats 0+ Months | 3 pack", "price": "$8.00", "price_calculation": "$2.67 per 1ea", "category": "Baby"},
{"title": "Amolin Nappy Rash Baby Cream | 100g", "price": "$8.00", "price_calculation": "$8.00 per 100g", "category": "Baby"},
{"title": "Tommee Tippee Night Time Baby Dummy 2 Pack 0-6m | 2 pack", "price": "$8.40", "price_calculation": "$4.20 per 1ea", "category": "Baby"},
{"title": "Tommee Tippee Night Time Baby Dummy 2 Pack 6-18m | 2 pack", "price": "$8.40", "price_calculation": "$4.20 per 1ea", "category": "Baby"},
{"title": "Avent Air Nighttime Mix 0-6 Months Soother | 2 pack", "price": "$8.97", "price_calculation": "$4.49 per 1ea", "category": "Baby"},
{"title": "Only Organic Minted Peas Blackcurrant & Lamb Baby Food Pouch 8+ Months | 120g", "price": "$2.15", "price_calculation": "$1.79 per 100g", "category": "Baby"},
{"title": "Only Organic  Blueberry Purple Carrot Rice Cakes | 20g", "price": "$2.65", "price_calculation": "$13.25 per 100g", "category": "Baby"},
{"title": "Babylove Sleepy Night Pants 4-7 Years (18-35Kg) | 9 pack", "price": "$12.50", "price_calculation": "$1.39 per 1ea", "category": "Baby"},
{"title": "Herbert Adams Premium Gourmet King Island Beef Party Pies 12 pack | 420g", "price": "$7.60", "price_calculation": "$1.81 per 100g", "category": "Frozen"},
{"title": "Huggies Thick Baby Wipes 99% Purified Water 3x72 Pack | 1 pack", "price": "$14.00", "price_calculation": "$0.06 per 1ea", "category": "Baby"},
{"title": "McCain Lil Pizzas Ham & Cheese 4 Pack | 400g", "price": "$7.80", "price_calculation": "$1.95 per 100g", "category": "Frozen"},
{"title": "Aptamil Gold+ 1 Baby Infant Formula From 0-6 Months | 900g", "price": "$32.00", "price_calculation": "$3.56 per 100g", "category": "Baby"},
{"title": "Four'N Twenty Frozen Beef & Cheese Pies 4 pack | 700g", "price": "$8.50", "price_calculation": "$1.21 per 100g", "category": "Frozen"},
{"title": "Bubs Organic Little Rollies Hazelnut | 25g", "price": "$1.80", "price_calculation": "$7.20 per 100g", "category": "Baby"},
{"title": "Core Power Foods Holy Meatballs Lean Beef | 350g", "price": "$9.00", "price_calculation": "$2.57 per 100g", "category": "Frozen"},
{"title": "Little Bellies Softcorn Berry & Apple | 8g", "price": "$2.00", "price_calculation": "$25.00 per 100g", "category": "Baby"},
{"title": "Mars Chocolate Smooth Creamy Ice Bar 6 Pack | 295mL", "price": "$9.00", "price_calculation": "$3.05 per 100mL", "category": "Frozen"},
{"title": "CUB Biodegradable Fragrance Free Baby Wipes | 80 pack", "price": "$2.40", "price_calculation": "$3.00 per 100ea", "category": "Baby"},
{"title": "Rafferty's Garden Pear Puree and Nothing Else Baby Food Pouch 4+ Months | 120g", "price": "$2.00", "price_calculation": "$1.67 per 100g", "category": "Baby"},
{"title": "Gelatissimo Gelato Caramel Cookie Butter Tub | 473mL", "price": "$10.00", "price_calculation": "$2.11 per 100mL", "category": "Frozen"},
{"title": "Aptamil Gold+ 1 Baby Infant Formula From 0-6 Months | 900g", "price": "$32.00", "price_calculation": "$3.56 per 100g", "category": "Baby"},
{"title": "Rafferty's Garden Apple Pear & Cinnamon Porridge Baby Food Pouch 6+ Months | 120g", "price": "$2.00", "price_calculation": "$1.67 per 100g", "category": "Baby"},
{"title": "Peters Drumstick Classic Vanilla Ice Cream Cone 16 pack | 1.9L", "price": "$20.00", "price_calculation": "$1.05 per 100mL", "category": "Frozen"},
{"title": "Rafferty's Garden Banana Pear & Mango Baby Food Puree Pouch 4+ Months | 120g", "price": "$2.00", "price_calculation": "$1.67 per 100g", "category": "Baby"},
{"title": "Rafferty's Garden Brown Rice Bean & Pumpkin Baby Food Pouch 8+ Months | 120g", "price": "$2.00", "price_calculation": "$1.67 per 100g", "category": "Baby"},
{"title": "Annabel Karmel Meals Cottage Pie | 200g", "price": "$3.90", "price_calculation": "$1.95 per 100g", "category": "Frozen"},
{"title": "Rafferty's Garden Blueberry- Banana & Pear Yoghurt Brekkie 6+ Months | 120g", "price": "$2.00", "price_calculation": "$1.67 per 100g", "category": "Baby"},
{"title": "Coles Cat Litter Clumping | 4.5kg", "price": "$3.50", "price_calculation": "$0.78 per 1kg", "category": "Pet"},
{"title": "Rafferty's Garden Summer Fruits & Quinoa Baby Food Prebiotics Pouch 6+ Months | 120g", "price": "$2.00", "price_calculation": "$1.67 per 100g", "category": "Baby"},
{"title": "Birds Eye Snap Frozen Baby Beans | 500g", "price": "$4.00", "price_calculation": "$8.00 per 1kg", "category": "Frozen"},
{"title": "Rafferty's Garden Vegemite Cheesy Bread Sticks 12+ Months | 30g", "price": "$2.00", "price_calculation": "$6.67 per 100g", "category": "Baby"},
{"title": "Pedigree Dentastix Large Dog Treats Daily Oral Care Dental Chew | 28 pack", "price": "$15.50", "price_calculation": "$0.55 per 1ea", "category": "Pet"},
{"title": "Rafferty's Garden Apple Sticks Baby Food Snack 8+ Months | 15g", "price": "$2.00", "price_calculation": "$13.33 per 100g", "category": "Baby"},
{"title": "Coles Mi Goreng | 375g", "price": "$4.00", "price_calculation": "$1.07 per 100g", "category": "Frozen"},
{"title": "Rafferty's Garden Chickpea Corn & Carrot 8+ Months  | 120g", "price": "$2.00", "price_calculation": "$1.67 per 100g", "category": "Baby"},
{"title": "Supercoat Adult With Chicken Dry Dog Food | 7kg", "price": "$28.00", "price_calculation": "$0.40 per 100g", "category": "Pet"},
{"title": "Only Organic  Chicken Cheese & Cauliflower Rice | 120g", "price": "$2.15", "price_calculation": "$1.79 per 100g", "category": "Baby"},
{"title": "Coles RSPCA Approved Thai Green Chicken Curry with Long Grain Rice | 375g", "price": "$4.00", "price_calculation": "$1.07 per 100g", "category": "Frozen"},
{"title": "Rafferty's Garden Blueberry & Banana No Added Sugar Custard 6+ Months | 120g", "price": "$2.00", "price_calculation": "$1.67 per 100g", "category": "Baby"},
{"title": "Purina Lucky Dog Adult Minis Beef Vegetable & Pasta Dry Dog Food | 3kg", "price": "$11.00", "price_calculation": "$0.37 per 100g", "category": "Pet"},
{"title": "Only Organic Pear & Mango Baby Food Pouch 4+ Months | 120g", "price": "$2.15", "price_calculation": "$1.79 per 100g", "category": "Baby"},
{"title": "Birds Eye Frozen Steam Fresh Peas Beans Corn & Broccoli Mix 3 pack | 450g", "price": "$4.50", "price_calculation": "$10.00 per 1kg", "category": "Frozen"},
{"title": "Rafferty's Garden Rice Cereal Pear Banana & Milk No Added Sugar Baby Food Pouch 4+ Months | 120g", "price": "$2.00", "price_calculation": "$1.67 per 100g", "category": "Baby"},
{"title": "Schmackos Strapz With Beef Dog Treats | 500g", "price": "$16.00", "price_calculation": "$3.20 per 100g", "category": "Pet"},
{"title": "Only Organic Chicken Sweetcorn & Brown Rice Baby Food Pouch 6+ Months | 120g", "price": "$2.15", "price_calculation": "$1.79 per 100g", "category": "Baby"},
{"title": "Birds Eye Frozen Cauliflower Rice | 500g", "price": "$4.95", "price_calculation": "$9.90 per 1kg", "category": "Frozen"},
{"title": "Bubs Organic Little Rollies Hazelnut | 25g", "price": "$1.80", "price_calculation": "$7.20 per 100g", "category": "Baby"},
{"title": "Pedigree Adult Dry Dog Food with Real Beef | 8kg", "price": "$31.00", "price_calculation": "$0.39 per 100g", "category": "Pet"},
{"title": "Only Organic Carrots Red Lentils & Cheddar Baby Food Pouch 8+ Months | 120g", "price": "$2.15", "price_calculation": "$1.79 per 100g", "category": "Baby"},
{"title": "Pampas Frozen Shortcrust Pastry Sheets 5 pack | 1kg", "price": "$5.20", "price_calculation": "$0.52 per 100g", "category": "Frozen"},
{"title": "Cetaphil Baby Moisturising Bath & Wash | 400mL", "price": "$11.06", "price_calculation": "$2.77 per 100mL", "category": "Baby"},
{"title": "Friskies Dry Cat Food Adult Indoor Delight | 2.5kg", "price": "$16.50", "price_calculation": "$0.66 per 100g", "category": "Pet"},
{"title": "Only Organic Beef Bolognese Pasta 1-5 Years | 220g", "price": "$3.00", "price_calculation": "$1.36 per 100g", "category": "Baby"},
{"title": "Steggles Chicken Salted Chicken Chips | 400g", "price": "$6.00", "price_calculation": "$15.00 per 1kg", "category": "Frozen"},
{"title": "Cetaphil Baby Wash & Shampoo | 400mL", "price": "$11.06", "price_calculation": "$2.77 per 100mL", "category": "Baby"},
{"title": "Felix Sensations Jellies Fishy Selection Cat Food | 12 pack", "price": "$14.50", "price_calculation": "$1.42 per 100g", "category": "Pet"},
{"title": "Only Organic Kindy 1-5 Years Vegetable Macaroni & Cheese Pasta Express | 220g", "price": "$3.00", "price_calculation": "$1.36 per 100g", "category": "Baby"},
{"title": "Coles I'M Free From Garlic Bread | 400g", "price": "$7.00", "price_calculation": "$1.75 per 100g", "category": "Frozen"},
{"title": "Rascal + Friends Biodegradable Sensitive Wipes | 80 pack", "price": "$2.50", "price_calculation": "$3.13 per 100ea", "category": "Baby"},
{"title": "Whiskas Favourites Favourites Kitten Mixed In Jelly Cat Food 12x85g | 12 pack", "price": "$12.00", "price_calculation": "$1.18 per 100g", "category": "Pet"},
{"title": "Swisspers Baby Cotton Tips Paper Stem | 40 pack", "price": "$3.00", "price_calculation": "$0.08 per 1ea", "category": "Baby"},
{"title": "Bulla Creamy Classics Triple Choc Cone 4Pk | 520mL", "price": "$7.00", "price_calculation": "$1.35 per 100mL", "category": "Frozen"},
{"title": "CUB Gentle Care Premium Thick & Soft Fragrance Free Baby Wipes | 80 pack", "price": "$2.80", "price_calculation": "$3.50 per 100ea", "category": "Baby"},
{"title": "Schmackos Strapz Dog Treat Beef Chicken And Liver Variety Pack | 500g", "price": "$16.00", "price_calculation": "$3.20 per 100g", "category": "Pet"},
{"title": "Only Organic Yoghurt Rice Cakes | 30g", "price": "$4.00", "price_calculation": "$13.33 per 100g", "category": "Baby"},
{"title": "Bulla Creamy Classic Sandwichs Cookies & Cream | 560mL", "price": "$9.00", "price_calculation": null, "category": "Frozen"},
{"title": "CUB Biodegradable Lightly Scented Baby Wipes | 80 pack", "price": "$2.40", "price_calculation": "$3.00 per 100ea", "category": "Baby"},
{"title": "Temptations Tasty Chicken Flavour Cat Treats | 180g", "price": "$7.00", "price_calculation": "$3.89 per 100g", "category": "Pet"},
{"title": "Little Bellies Mini Gingerbread Men | 130g", "price": "$4.75", "price_calculation": "$3.65 per 100g", "category": "Baby"},
{"title": "On The Menu Roast Beef Plated Meal | 320g", "price": "$7.00", "price_calculation": "$2.19 per 100g", "category": "Frozen"},
{"title": "Rascal + Friends H2O Water Wipes | 72 pack", "price": "$2.50", "price_calculation": "$3.47 per 100ea", "category": "Baby"},
{"title": "Fancy Feast Classic Cat Food Tuna Prime Fillet | 85g", "price": "$1.90", "price_calculation": "$2.24 per 100g", "category": "Pet"},
{"title": "Kiddylicious Coconut Rolls 8x6.8g | 54.4g", "price": "$5.00", "price_calculation": "$9.19 per 100g", "category": "Baby"},
{"title": "Temptation Frozen Petite Quiches Variety 30 Pack | 500g", "price": "$10.00", "price_calculation": "$2.00 per 100g", "category": "Frozen"},
{"title": "CUB Biodegradable Fragrance Free Baby Wipes | 480 pack", "price": "$11.50", "price_calculation": "$2.40 per 100ea", "category": "Baby"},
{"title": "Dine Creamy Treats Chicken Flavour Cat Treat | 4 pack", "price": "$3.20", "price_calculation": "$6.67 per 100g", "category": "Pet"},
{"title": "Curash Baby care Fragrance Free 80 Baby Wipes | 1 pack", "price": "$5.50", "price_calculation": "$5.50 per 1ea", "category": "Baby"},
{"title": "Pacific West Frozen Cocktail Spring Rolls | 1kg", "price": "$12.50", "price_calculation": "$1.25 per 100g", "category": "Frozen"},
{"title": "Huggies Thick Baby Wipes Fragrance Free | 80 pack", "price": "$5.00", "price_calculation": "$6.25 per 100ea", "category": "Baby"},
{"title": "Fancy Feast Classic Cat Food Oceanfish Fillet | 85g", "price": "$1.90", "price_calculation": "$2.24 per 100g", "category": "Pet"},
{"title": "Rafferty's Garden Mixed Berry Yoghurt Buttons Baby Food Snack 12+ Months | 28g", "price": "$6.00", "price_calculation": "$21.43 per 100g", "category": "Baby"},
{"title": "Kb's Whiting Bites Battered | 1kg", "price": "$13.75", "price_calculation": "$13.75 per 1kg", "category": "Frozen"},
{"title": "Huggies Thick Baby Wipes Fragrance Free 3x80 | 3 pack", "price": "$14.00", "price_calculation": "$5.83 per 100ea", "category": "Baby"},
{"title": "Fancy Feast Classic Savoury Salmon Cat Food | 85g", "price": "$1.90", "price_calculation": "$2.24 per 100g", "category": "Pet"},
{"title": "Johnson's Baby Oil Aloe Vera & Vitamin E | 500mL", "price": "$7.50", "price_calculation": "$1.50 per 100mL", "category": "Baby"},
{"title": "Birds Eye Frozen Atlantic Salmon Fillets With Lemon | 260g", "price": "$14.00", "price_calculation": "$53.85 per 1kg", "category": "Frozen"},
{"title": "Rafferty's Garden Blueberry Mini Yoghurt Drops Baby Food Snack 8+ Months | 8g", "price": "$2.50", "price_calculation": "$31.25 per 100g", "category": "Baby"},
{"title": "Dine Creamy Treats Tuna Flavour Cat Food 12g | 4 pack", "price": "$3.20", "price_calculation": "$6.67 per 100g", "category": "Pet"},
{"title": "WaterWipes Fragrance Free Sensitive Skin 60 Baby Wipes | 60 pack", "price": "$8.00", "price_calculation": "$13.33 per 100ea", "category": "Baby"},
{"title": "Coles Frozen Shortcrust Pastry 5 pack | 1kg", "price": "$2.95", "price_calculation": "$0.30 per 100g", "category": "Frozen"},
{"title": "Huggies Thick Baby Wipes Fragrance Free | 1 pack", "price": "$18.00", "price_calculation": "$18.00 per 1ea", "category": "Baby"},
{"title": "Dine Tuna & Prawn Flavour Creamy Treats Cat Food 12g | 4 pack", "price": "$3.20", "price_calculation": "$6.67 per 100g", "category": "Pet"},
{"title": "CUB Walker Nappy Pants Size 5 | 23 pack", "price": "$9.50", "price_calculation": "$0.41 per 1ea", "category": "Baby"},
{"title": "Annabel Karmel Meals Bolognaise Pasta Bake | 200g", "price": "$3.90", "price_calculation": "$1.95 per 100g", "category": "Frozen"},
{"title": "Aptamil Gold+ 3 Toddler Nutritional Supplement From 1 Year | 900g", "price": "$27.00", "price_calculation": "$3.00 per 100g", "category": "Baby"},
{"title": "Breeders Choice Cat Litter Paper | 24L", "price": "$23.00", "price_calculation": "$0.96 per 1L", "category": "Pet"},
{"title": "Babylove Sleepy Night Pants 8-15 Years 27-57Kg | 8 pack", "price": "$12.50", "price_calculation": "$1.56 per 1ea", "category": "Baby"},
{"title": "Coles Frozen Fish Fillets Beer Battered | 425g", "price": "$4.40", "price_calculation": "$10.35 per 1kg", "category": "Frozen"},
{"title": "Rafferty's Garden Blueberry Banana & Apple Snack Bars Real Fruit Baby Food 8 Pack 12+ Months | 128g", "price": "$4.50", "price_calculation": "$3.52 per 100g", "category": "Baby"},
{"title": "Fancy Feast Classic Cat Food Gravy Lovers Beef | 85g", "price": "$1.90", "price_calculation": "$2.24 per 100g", "category": "Pet"},
{"title": "Babylove Nappy Pants Size 6 (15-25Kg) | 22 pack", "price": "$20.00", "price_calculation": "$0.91 per 1ea", "category": "Baby"},
{"title": "Birds Eye Carrot- Cauli & Broccoli Veggie Rice | 500g", "price": "$4.95", "price_calculation": "$9.90 per 1kg", "category": "Frozen"},
{"title": "Rafferty's Garden Apple Banana & Peach and Nothing Else Baby Food Puree Pouch 4+ Months | 120g", "price": "$2.00", "price_calculation": "$1.67 per 100g", "category": "Baby"},
{"title": "Fancy Feast Classic Cat Food Chicken Feast Chunky | 85g", "price": "$1.90", "price_calculation": "$2.24 per 100g", "category": "Pet"},
{"title": "Heinz Pureed Fruity Pears 4+ Months Glass Jar | 110g", "price": "$1.20", "price_calculation": "$1.09 per 100g", "category": "Baby"},
{"title": "Inghams Tempura Nuggets | 400g", "price": "$5.50", "price_calculation": "$13.75 per 1kg", "category": "Frozen"},
{"title": "Curash Water Wipes | 240 pack", "price": "$16.50", "price_calculation": "$6.88 per 100ea", "category": "Baby"},
{"title": "Fancy Feast Classic Cat Food Chicken Prime Fillet | 85g", "price": "$1.90", "price_calculation": "$2.24 per 100g", "category": "Pet"},
{"title": "Kiddylicious Veggie Straws Cheesy Flavour | 12g", "price": "$1.70", "price_calculation": "$14.17 per 100g", "category": "Baby"},
{"title": "Birds Eye Frozen Supreme Mixed Vegetables Stir Fry | 850g", "price": "$5.50", "price_calculation": "$6.47 per 1kg", "category": "Frozen"},
{"title": "Little Bellies Baby Puffs Carrot | 12g", "price": "$2.00", "price_calculation": "$16.67 per 100g", "category": "Baby"},
{"title": "Fancy Feast Classic Cat Food Salmon Prime Fillet | 85g", "price": "$1.90", "price_calculation": "$2.24 per 100g", "category": "Pet"},
{"title": "Bellamy's Organic Banana & Apple Porridge Puree 4+ Months | 120g", "price": "$2.00", "price_calculation": "$1.67 per 100g", "category": "Baby"},
{"title": "Steggles Frozen Hot & Spicy Chicken Breast Tenders | 400g", "price": "$6.00", "price_calculation": "$15.00 per 1kg", "category": "Frozen"},
{"title": "Rafferty's Garden Natural Mini Yoghurt Drops Baby Food Snack 8+ Months | 8g", "price": "$2.50", "price_calculation": "$31.25 per 100g", "category": "Baby"},
{"title": "Dine Creamy Treats Cat Food Mixed Seafood | 4 pack", "price": "$3.20", "price_calculation": "$6.67 per 100g", "category": "Pet"},
{"title": "Baby Bellies Organic Pumpkin And Carrot Soft Corn 10+ Months | 8g", "price": "$2.00", "price_calculation": "$25.00 per 100g", "category": "Baby"},
{"title": "Super Nature Frozen Sri Lankan Root Vegetable And Ancient Grain Curry With Cauliflower And Brown Rice Mix Wellness Bowl | 350g", "price": "$6.00", "price_calculation": "$1.71 per 100g", "category": "Frozen"},
{"title": "Baby Mum-Mum Rice Rusk Organic Blueberry & Carrot +8 Months | 36g", "price": "$2.75", "price_calculation": "$7.64 per 100g", "category": "Baby"},
{"title": "Love'em Dog Training Treats Chicken | 200g", "price": "$3.60", "price_calculation": "$1.80 per 100g", "category": "Pet"},
{"title": "Rafferty's Garden Rice Cereal Pear Banana & Milk No Added Sugar Baby Food Pouch 4+ Months | 120g", "price": "$2.00", "price_calculation": "$1.67 per 100g", "category": "Baby"},
{"title": "Birds Eye Frozen Fish Fingers 15 Pieces | 375g", "price": "$6.20", "price_calculation": "$16.53 per 1kg", "category": "Frozen"},
{"title": "Rafferty's Garden Apple & Raspberry Snack Bars with Real Fruit Baby Food Snack 12+ Months | 128g", "price": "$4.50", "price_calculation": "$3.52 per 100g", "category": "Baby"},
{"title": "Pedigree Dentastix Large Dog Treats Daily Oral Care Dental Chews | 7 pack", "price": "$6.50", "price_calculation": "$0.93 per 1ea", "category": "Pet"},
{"title": "Only Organic Carrot Apple Rice Cakes | 20g", "price": "$2.65", "price_calculation": "$13.25 per 100g", "category": "Baby"},
{"title": "Coles Irresistible Ice Cream Salted Caramel | 1L", "price": "$6.50", "price_calculation": "$0.65 per 100mL", "category": "Frozen"},
{"title": "Rafferty's Garden Pear & Superberries Puree and Nothing Else Baby Food Pouch 4+ Months | 120g", "price": "$2.00", "price_calculation": "$1.67 per 100g", "category": "Baby"},
{"title": "V.I.P Chunkers Adult Chilled Fresh Dog Food Meatballs Lamb | 1kg", "price": "$5.40", "price_calculation": "$0.54 per 100g", "category": "Pet"},
{"title": "CUB Apricot Fruit & Oat Bar 6x15g | 90g", "price": "$2.75", "price_calculation": "$3.06 per 100g", "category": "Baby"},
{"title": "Borg's Feta & Spinach Gozleme | 300g", "price": "$7.00", "price_calculation": "$2.33 per 100g", "category": "Frozen"},
{"title": "CUB Unisex Toddler Nappies Size 4 | 50 pack", "price": "$11.50", "price_calculation": "$23.00 per 100ea", "category": "Baby"},
{"title": "Fancy Feast Classic Cat Food Turkey Prime Fillet | 85g", "price": "$1.90", "price_calculation": "$2.24 per 100g", "category": "Pet"},
{"title": "Bellamy's Organic Apple Baby Snacks | 20g", "price": "$3.50", "price_calculation": "$17.50 per 100g", "category": "Baby"},
{"title": "Connoisseur Ice Cream Mint & Cookies | 1L", "price": "$9.00", "price_calculation": "$0.90 per 100mL", "category": "Frozen"},
{"title": "Curash Fragrance Free 240 Baby Wipes 3x80 Pack | 3 pack", "price": "$13.00", "price_calculation": "$4.33 per 1ea", "category": "Baby"},
{"title": "Bow Wow Pig Ear Dog Treats | 1 each", "price": "$2.05", "price_calculation": "$2.05 per 1ea", "category": "Pet"},
{"title": "Rafferty's Garden Apple Snack Bars Made with Real Fruit 8 Pack Baby Food 12+ Months | 128g", "price": "$4.50", "price_calculation": "$3.52 per 100g", "category": "Baby"},
{"title": "Connoisseur Ice Cream Matcha Green Tea With White Choc 1Litre | 1L", "price": "$9.00", "price_calculation": "$0.90 per 100mL", "category": "Frozen"},
{"title": "Huggies Ultra Dry Nappies Boys Size 5 (13-18kg) | 32 pack", "price": "$23.00", "price_calculation": "$0.72 per 1ea", "category": "Baby"},
{"title": "Coles Compost Pet Tidy Bags | 40 pack", "price": "$2.50", "price_calculation": "$0.06 per 1ea", "category": "Pet"},
{"title": "Only Organic Banana Biscotti | 100g", "price": "$5.00", "price_calculation": "$5.00 per 100g", "category": "Baby"},
{"title": "Core Powerfoods Naked Parmigiana | 350g", "price": "$9.00", "price_calculation": "$2.57 per 100g", "category": "Frozen"},
{"title": "Only Organic Banana Berries & Yoghurt Brekkie Baby Food Pouch 8+ Months | 120g", "price": "$2.15", "price_calculation": "$1.79 per 100g", "category": "Baby"},
{"title": "Temptations Tempting Tuna Flavour Cat Treats | 85g", "price": "$5.00", "price_calculation": "$5.88 per 100g", "category": "Pet"},
{"title": "Nestle Cerelac Oats & Wheat with Prune Baby Cereal Stage 2 | 200g", "price": "$6.00", "price_calculation": "$3.00 per 100g", "category": "Baby"},
{"title": "Coles Spinach And Cheese Spanakopita | 800g", "price": "$11.60", "price_calculation": "$1.45 per 100g", "category": "Frozen"},
{"title": "Rafferty's Garden Pear & Prune Puree and Nothing Else Baby Food Pouch 4+ Months | 120g", "price": "$2.00", "price_calculation": "$1.67 per 100g", "category": "Baby"},
{"title": "V.I.P Chunkers Adult Chilled Fresh Dog Food Chicken Meatballs | 1kg", "price": "$5.40", "price_calculation": "$0.54 per 100g", "category": "Pet"},
{"title": "Kiddylicious Veggie Straws | 4 pack", "price": "$7.80", "price_calculation": "$1.95 per 1ea", "category": "Baby"},
{"title": "Sara Lee Classic Ultra Chocolate Ice Cream | 1L", "price": "$12.00", "price_calculation": "$1.20 per 100mL", "category": "Frozen"},
{"title": "Little Bellies Sultanas 6x14g | 84g", "price": "$2.25", "price_calculation": "$2.68 per 100g", "category": "Baby"},
{"title": "V.I.P Paws Fresh Adult Chilled Fresh Dog Food Chunky Beef Mince | 600g", "price": "$5.50", "price_calculation": "$0.92 per 100g", "category": "Pet"},
{"title": "CUB Unisex Infant Nappies Size 2 | 56 pack", "price": "$11.50", "price_calculation": "$20.54 per 100ea", "category": "Baby"},
{"title": "KB Gyoza Pork | 750g", "price": "$13.60", "price_calculation": "$1.81 per 100g", "category": "Frozen"},
{"title": "Huggies Drynites Night Pants Boy Size 4-7 Years | 9 pack", "price": "$10.00", "price_calculation": "$1.11 per 1ea", "category": "Baby"},
{"title": "Fancy Feast Creamy Delights With Pate Chicken Cat Food | 85g", "price": "$1.90", "price_calculation": "$2.24 per 100g", "category": "Pet"},
{"title": "Rascal + Friends Nappies Size 6 Junior | 30 pack", "price": "$16.00", "price_calculation": "$0.53 per 1ea", "category": "Baby"},
{"title": "KB's Whiting Bites Southern Style Batter | 1kg", "price": "$13.75", "price_calculation": "$13.75 per 1kg", "category": "Frozen"},
{"title": "Baby Bellies Organic Blueberry Puffs 7+ Months | 12g", "price": "$2.00", "price_calculation": "$16.67 per 100g", "category": "Baby"},
{"title": "Fussy Cat Grain Free Adult Dry Cat food Chicken & Turkey With Cranberry | 500g", "price": "$4.80", "price_calculation": "$0.96 per 100g", "category": "Pet"},
{"title": "Coles White Self Raising Flour | 2kg", "price": "$2.20", "price_calculation": "$1.10 per 1kg", "category": "Pantry"},
{"title": "Babylove Cosifit Nappies Size 6 (15-25Kg) | 26 pack", "price": "$16.00", "price_calculation": "$0.62 per 1ea", "category": "Baby"},
{"title": "Mainstream Tropical North Queensland Barramundi Portions | 260g", "price": "$14.00", "price_calculation": "$53.85 per 1kg", "category": "Frozen"},
{"title": "Only Organic Apple Blueberry Blackberry Oat Prebiotics 8+ Months | 120g", "price": "$2.15", "price_calculation": "$1.79 per 100g", "category": "Baby"},
{"title": "Prime 100 Dog Roll Chicken With Broccoli & Apple Dog Food | 1.7kg", "price": "$9.28", "price_calculation": "$0.55 per 100g", "category": "Pet"},
{"title": "Nestle KitKat Milk Chocolate Share Pack 11 Pieces | 185g", "price": "$5.50", "price_calculation": "$2.97 per 100g", "category": "Pantry"},
{"title": "Nestle NAN Comfort 3 Toddler Milk Drink Powder From 1 Year  | 800g", "price": "$20.00", "price_calculation": "$2.50 per 100g", "category": "Baby"},
{"title": "Birds Eye Southern Blue Whiting Fillets | 1kg", "price": "$16.50", "price_calculation": "$16.50 per 1kg", "category": "Frozen"},
{"title": "CUB Nappy Bags | 200 pack", "price": "$3.20", "price_calculation": "$1.60 per 100ea", "category": "Baby"},
{"title": "Fancy Feast Classic Cat Food Chicken Feast In Gravy | 85g", "price": "$1.90", "price_calculation": "$2.24 per 100g", "category": "Pet"},
{"title": "Nestle Milkybar with Baked Cookies Chocolate Block | 180g", "price": "$2.75", "price_calculation": "$1.53 per 100g", "category": "Pantry"},
{"title": "Aptamil Gold+ 4 Junior Nutritional Supplement From 2 Years | 900g", "price": "$27.00", "price_calculation": "$3.00 per 100g", "category": "Baby"},
{"title": "Annabel Karmel Butter Chicken | 200g", "price": "$3.90", "price_calculation": "$1.95 per 100g", "category": "Frozen"},
{"title": "Huggies Ultra Dry Nappy Pants Boys Size 5 (12-17kg) | 54 pack", "price": "$30.00", "price_calculation": "$55.56 per 100ea", "category": "Baby"},
{"title": "Nature's Gift Adult Chilled Fresh Dog Food Deli Roll Beef Potato Carrots & Peas | 200g", "price": "$2.00", "price_calculation": "$1.00 per 100g", "category": "Pet"},
{"title": "Arnott's Shortbread Cream Biscuits | 250g", "price": "$3.00", "price_calculation": "$1.20 per 100g", "category": "Pantry"},
{"title": "Annabel Karmel Meals Mac Cheese | 200g", "price": "$3.90", "price_calculation": "$1.95 per 100g", "category": "Frozen"},
{"title": "Huggies Ultra Dry Nappy Pants Boys Size 6 (15kg+) | 48 pack", "price": "$30.00", "price_calculation": "$62.50 per 100ea", "category": "Baby"},
{"title": "Fancy Feast Classic Cat Food Tender Chicken & Liver | 85g", "price": "$1.90", "price_calculation": "$2.24 per 100g", "category": "Pet"},
{"title": "Cobs Sweet & Salty Gluten Free Popcorn | 120g", "price": "$3.50", "price_calculation": "$2.92 per 100g", "category": "Pantry"},
{"title": "CUB Biodegradable Fragrance Free Baby Wipes | 20 pack", "price": "$1.50", "price_calculation": "$7.50 per 100ea", "category": "Baby"},
{"title": "Nature's Gift Adult Chilled Fresh Dog Food Deli Roll Chicken Brown Rice & Vegetables | 200g", "price": "$2.00", "price_calculation": "$1.00 per 100g", "category": "Pet"},
{"title": "Extra Spearmint Sugar Free Chewing Gum 3x27g | 81g", "price": "$4.50", "price_calculation": "$5.56 per 100g", "category": "Pantry"},
{"title": "Rafferty's Garden Apple Puree and Nothing Else Baby Food Pouch 4+ Months | 120g", "price": "$2.00", "price_calculation": "$1.67 per 100g", "category": "Baby"},
{"title": "Whiskas Kitten Chicken And Tuna Adult Dry Cat Food | 800g", "price": "$6.50", "price_calculation": "$0.81 per 100g", "category": "Pet"},
{"title": "Kellogg's Corn Flakes Breakfast Cereal | 725g", "price": "$6.00", "price_calculation": "$0.83 per 100g", "category": "Pantry"},
{"title": "Baby Mum-Mum First Rice Rusk Apple & Pumpkin +6 Months | 36g", "price": "$2.75", "price_calculation": "$7.64 per 100g", "category": "Baby"},
{"title": "Whiskas Chicken And Rabbit Adult Dry Cat Food | 800g", "price": "$6.50", "price_calculation": "$0.81 per 100g", "category": "Pet"},
{"title": "Ardmona Crushed Tomatoes | 410g", "price": "$1.80", "price_calculation": "$4.39 per 1kg", "category": "Pantry"},
{"title": "Baby Mum-Mum First Rice Rusk Vegetable +6 Months | 36g", "price": "$2.75", "price_calculation": "$7.64 per 100g", "category": "Baby"},
{"title": "My Dog Classic Loaf With Juicy Lamb & Hearty Liver Can Wet Dog Food | 400g", "price": "$2.10", "price_calculation": "$0.53 per 100g", "category": "Pet"},
{"title": "White Wings Plain Flour | 1kg", "price": "$2.00", "price_calculation": "$2.00 per 1kg", "category": "Pantry"},
{"title": "Nestle Cerelac Multigrain with Pear Baby Cereal Stage 3 | 200g", "price": "$6.00", "price_calculation": "$3.00 per 100g", "category": "Baby"},
{"title": "Pedigree Dentastix Small Dog Treats Daily Oral Care Dental Chews | 7 pack", "price": "$6.50", "price_calculation": "$0.93 per 1ea", "category": "Pet"},
{"title": "Arnott's Gingernut Biscuits | 250g", "price": "$2.00", "price_calculation": "$0.80 per 100g", "category": "Pantry"},
{"title": "Huggies Ultra Dry Nappies Girls Size 4 (10-15kg) | 36 pack", "price": "$23.00", "price_calculation": "$0.64 per 1ea", "category": "Baby"},
{"title": "Coles Cat Litter Clay | 10kg", "price": "$6.60", "price_calculation": "$0.66 per 1kg", "category": "Pet"},
{"title": "Nestle Aero Peppermint Chocolate Bar | 40g", "price": "$2.20", "price_calculation": "$5.50 per 100g", "category": "Pantry"},
{"title": "Huggies Ultra Dry Nappies Boys Size 6 (16kg+) | 30 pack", "price": "$23.00", "price_calculation": "$0.77 per 1ea", "category": "Baby"},
{"title": "My Dog Classic Loaf With Gourmet Beef Can Wet Dog Food | 400g", "price": "$2.10", "price_calculation": "$0.53 per 100g", "category": "Pet"},
{"title": "Arnott's Malt-O-Milk Biscuits | 250g", "price": "$3.30", "price_calculation": "$1.32 per 100g", "category": "Pantry"},
{"title": "Rafferty's Garden Banana Pear & Mango Porridge Baby Food Pouch 6+ Months | 120g", "price": "$2.00", "price_calculation": "$1.67 per 100g", "category": "Baby"},
{"title": "Fussy Cat Grain Free Adult Chilled Fresh Cat Food Prime Steak Mince | 450g", "price": "$6.50", "price_calculation": "$1.44 per 100g", "category": "Pet"},
{"title": "Sanitarium Weet-Bix Bites Wild Berry Cereal | 500g", "price": "$4.50", "price_calculation": "$0.90 per 100g", "category": "Pantry"},
{"title": "Only Organic Mango & Yoghurt Brekkie Baby Food Pouch 8+ Months | 120g", "price": "$2.15", "price_calculation": "$1.79 per 100g", "category": "Baby"},
{"title": "Vitapet Chicken Tenders Dog Treat | 200g", "price": "$14.50", "price_calculation": "$7.25 per 100g", "category": "Pet"},
{"title": "Sirena Tuna in Oil Italian Style | 185g", "price": "$3.60", "price_calculation": "$19.46 per 1kg", "category": "Pantry"},
{"title": "Baby Mum-Mum Rice Rusks Banana +8 Months | 36g", "price": "$2.75", "price_calculation": "$7.64 per 100g", "category": "Baby"},
{"title": "Coles Cat Litter Recycled Paper | 21L", "price": "$21.00", "price_calculation": "$1.00 per 1L", "category": "Pet"},
{"title": "Coles Blended Vegetable Oil | 2L", "price": "$7.40", "price_calculation": "$0.37 per 100mL", "category": "Pantry"},
{"title": "Heinz Little Kids Toddler Fruit Salad Muesli Fingers Snack Bars 1-3 Years | 90g", "price": "$3.00", "price_calculation": "$3.33 per 100g", "category": "Baby"},
{"title": "Applaws Cat Food Tuna With Prawn | 70g", "price": "$1.85", "price_calculation": "$2.64 per 100g", "category": "Pet"},
{"title": "Nestle KitKat Milkybar White Chocolate Bar | 45g", "price": "$2.20", "price_calculation": "$4.89 per 100g", "category": "Pantry"},
{"title": "Johnson's Baby Pure Cornstarch With Aloe & Vitamin E Classic Scented Baby Powder | 255g", "price": "$5.50", "price_calculation": "$2.16 per 100g", "category": "Baby"},
{"title": "My Dog Classic Loaf With Wholesome Chicken & Turkey Can Wet Dog Food | 400g", "price": "$2.10", "price_calculation": "$0.53 per 100g", "category": "Pet"},
{"title": "Coles Strawberry Jam | 450g", "price": "$2.50", "price_calculation": "$0.56 per 100g", "category": "Pantry"},
{"title": "CUB Unisex Junior Nappies Size 6 | 40 pack", "price": "$11.50", "price_calculation": "$0.29 per 1ea", "category": "Baby"},
{"title": "My Dog Classic Loaf With Sardine Tuna & Spring Vegetables Can Wet Dog Food | 400g", "price": "$2.10", "price_calculation": "$0.53 per 100g", "category": "Pet"},
{"title": "Arnott's Cracked Pepper Savoy Crackers | 225g", "price": "$3.00", "price_calculation": "$1.33 per 100g", "category": "Pantry"},
{"title": "Aptamil Gold+ 2 Baby Follow - On Formula From 6-12 Months | 900g", "price": "$32.00", "price_calculation": "$3.56 per 100g", "category": "Baby"},
{"title": "Pets Own Dog & Puppy Milk | 1L", "price": "$4.25", "price_calculation": "$0.43 per 100mL", "category": "Pet"},
{"title": "Cadbury Dairy Milk Freddo Chocolate Bar | 35g", "price": "$1.00", "price_calculation": "$2.86 per 100g", "category": "Pantry"},
{"title": "Temptations Seafood Medley Flavour Cat Treats | 85g", "price": "$5.00", "price_calculation": "$5.88 per 100g", "category": "Pet"},
{"title": "CSR Raw Sugar | 1kg", "price": "$2.80", "price_calculation": "$0.28 per 100g", "category": "Pantry"},
{"title": "The Natural Confectionery Co. Fruit Salad Soft Jellies | 220g", "price": "$4.00", "price_calculation": "$1.82 per 100g", "category": "Pantry"},
{"title": "Maggi 2 Minute Noodles Masala | 560g", "price": "$4.50", "price_calculation": "$0.80 per 100g", "category": "Pantry"},
{"title": "Maggi 2 Minute Chicken Flavour Noodles 5 Pack | 360g", "price": "$5.00", "price_calculation": "$1.39 per 100g", "category": "Pantry"},
{"title": "Nescafe Blend 43 Instant Coffee | 150g", "price": "$5.75", "price_calculation": "$3.83 per 100g", "category": "Pantry"},
{"title": "Carman's Dark Choc & Cranberry Gourmet Protein Bar 5 pack | 200g", "price": "$6.00", "price_calculation": "$3.00 per 100g", "category": "Pantry"},
{"title": "John West Tempters Tuna in Olive Oil | 95g", "price": "$2.00", "price_calculation": "$21.05 per 1kg", "category": "Pantry"},
{"title": "Grain Waves Caramelised Onion And Balsamic Vinegar Chips | 170g", "price": "$2.40", "price_calculation": "$1.41 per 100g", "category": "Pantry"},
{"title": "Arnott's Shapes Cheese & Bacon Cracker Biscuits | 180g", "price": "$2.75", "price_calculation": "$1.53 per 100g", "category": "Pantry"},
{"title": "Trolli Britecrawlers | 150g", "price": "$2.30", "price_calculation": "$1.53 per 100g", "category": "Pantry"},
{"title": "Twisties Chicken | 90g", "price": "$2.70", "price_calculation": "$3.00 per 100g", "category": "Pantry"},
{"title": "Arnott's Lemon Crisp Biscuits | 250g", "price": "$3.00", "price_calculation": "$1.20 per 100g", "category": "Pantry"},
{"title": "Infuzions Veggie Straws Sour Cream & Herb | 90g", "price": "$4.30", "price_calculation": "$4.78 per 100g", "category": "Pantry"},
{"title": "Coles Chopped Tomatoes Canned | 400g", "price": "$0.95", "price_calculation": "$2.38 per 1kg", "category": "Pantry"},
{"title": "Coles Biscuits Scotch Fingers | 250g", "price": "$1.25", "price_calculation": "$0.50 per 100g", "category": "Pantry"},
{"title": "Coles Plain Rice Crackers | 100g", "price": "$0.90", "price_calculation": "$0.90 per 100g", "category": "Pantry"},
{"title": "Coles Tomatoes Crushed Basil & Oregano | 400g", "price": "$1.30", "price_calculation": "$3.25 per 1kg", "category": "Pantry"},
{"title": "Nestle Crunch Chocolate Block | 200g", "price": "$2.75", "price_calculation": "$1.38 per 100g", "category": "Pantry"},
{"title": "Barilla Spaghetti No 5 | 500g", "price": "$2.80", "price_calculation": "$0.56 per 100g", "category": "Pantry"},
{"title": "Continental Cup A Soup Creamy Chicken & Corn With Croutons Serves 2 | 60g", "price": "$2.80", "price_calculation": "$4.67 per 100g", "category": "Pantry"},
{"title": "Doritos Corn Chips Mexicana Share Pack | 170g", "price": "$3.35", "price_calculation": "$1.97 per 100g", "category": "Pantry"},
{"title": "Coles Rice Jasmine | 1kg", "price": "$3.35", "price_calculation": "$0.34 per 100g", "category": "Pantry"},
{"title": "Pringles Salt & Vinegar Flavour Stacked Potato Chips | 134g", "price": "$2.50", "price_calculation": "$1.87 per 100g", "category": "Pantry"},
{"title": "Pringles Original Salted Stacked Potato Chips | 53g", "price": "$2.50", "price_calculation": "$4.72 per 100g", "category": "Pantry"},
{"title": "Lotus Biscoff Biscuits 8X2 pack | 124g", "price": "$2.65", "price_calculation": "$2.14 per 100g", "category": "Pantry"},
{"title": "Arnott's Shapes Multipack Variety 15 Pack | 375g", "price": "$5.50", "price_calculation": "$1.47 per 100g", "category": "Pantry"},
{"title": "Coles Spirals Pasta | 500g", "price": "$0.90", "price_calculation": "$0.18 per 100g", "category": "Pantry"},
{"title": "Elastoplast Plastic Strips | 40 pack", "price": "$3.90", "price_calculation": "$0.10 per 1ea", "category": "Health & Beauty"},
{"title": "U by Kotex Designer Series Pads Regular With Wings | 22 pack", "price": "$4.20", "price_calculation": "$0.19 per 1ea", "category": "Health & Beauty"},
{"title": "Tena Lady Pads Insta Dry Incontinence Extra Long | 6 pack", "price": "$4.41", "price_calculation": "$0.74 per 1ea", "category": "Health & Beauty"},
{"title": "Maybelline 4-in-1 Instant Perfector Glow Fair | 20mL", "price": "$24.50", "price_calculation": "$122.50 per 100mL", "category": "Health & Beauty"},
{"title": "David Beckham Respect Deodorant | 150mL", "price": "$4.50", "price_calculation": "$3.00 per 100mL", "category": "Health & Beauty"},
{"title": "Nurofen Zavance Fast Pain Relief Liquid Capsules 200mg Ibuprofen | 24 pack", "price": "$5.40", "price_calculation": "$0.23 per 1ea", "category": "Health & Beauty"},
{"title": "Vicks VapoDrops Butter Menthol Lozenges | 24 pack", "price": "$5.00", "price_calculation": "$0.21 per 1ea", "category": "Health & Beauty"},
{"title": "Oral B Pro 800 Cross Action Electric Toothbrush | 1 pack", "price": "$50.00", "price_calculation": "$50.00 per 1ea", "category": "Health & Beauty"},
{"title": "Libra Invisible Pads Super Wing | 10 pack", "price": "$5.50", "price_calculation": "$0.55 per 1ea", "category": "Health & Beauty"},
{"title": "Oral B D103 Pro 300 Electric Toothbrush Black | 1 pack", "price": "$45.00", "price_calculation": "$45.00 per 1ea", "category": "Health & Beauty"},
{"title": "Carefree Original Unscented Panty Liners | 48 pack", "price": "$5.50", "price_calculation": "$11.46 per 100ea", "category": "Health & Beauty"},
{"title": "Salts & Co Pure Epsom Bath Salts | 1kg", "price": "$4.50", "price_calculation": "$0.45 per 100g", "category": "Health & Beauty"},
{"title": "Poise Pads For Bladder Leaks Extra | 12 pack", "price": "$6.95", "price_calculation": "$0.58 per 1ea", "category": "Health & Beauty"},
{"title": "Colgate Total Advanced Whitening Toothpaste | 115g", "price": "$6.50", "price_calculation": "$5.65 per 100g", "category": "Health & Beauty"},
{"title": "Palmolive Anti-Bacterial 2 Hours Defence Orange Liquid Hand Wash Refill | 1L", "price": "$7.00", "price_calculation": "$0.70 per 100mL", "category": "Health & Beauty"},
{"title": "Elastoplast Strips Kids Sensitive | 20 pack", "price": "$3.70", "price_calculation": "$0.19 per 1ea", "category": "Health & Beauty"},
{"title": "Palmolive Lime Hand Wash | 1L", "price": "$7.00", "price_calculation": "$0.70 per 100mL", "category": "Health & Beauty"},
{"title": "Oral-B Dental Floss Waxed Mint 50m | 1 each", "price": "$2.00", "price_calculation": "$2.00 per 1ea", "category": "Health & Beauty"},
{"title": "Voost Vitamin C 1000mg 20 Blood Orange Effervescent Tablets | 1 pack", "price": "$7.70", "price_calculation": "$7.70 per 1ea", "category": "Health & Beauty"},
{"title": "Libra Goodnights Extra Long With Wings Pads | 10 pack", "price": "$5.00", "price_calculation": "$0.50 per 1ea", "category": "Health & Beauty"},
{"title": "Dettol Antibacterial Liquid Hand Wash Aloe Vera and Vitamin E Refill | 950mL", "price": "$8.00", "price_calculation": "$0.84 per 100mL", "category": "Health & Beauty"},
{"title": "Caredent Eeziflossers Eco Plus 30 Pack | 30 pack", "price": "$2.97", "price_calculation": "$0.10 per 1ea", "category": "Health & Beauty"},
{"title": "Garnier Micellar Cleansing Wipes | 25 pack", "price": "$8.00", "price_calculation": "$0.32 per 1ea", "category": "Health & Beauty"},
{"title": "U by Kotex Sport Ultrathin Pads Super With Wings | 10 pack", "price": "$2.80", "price_calculation": "$0.28 per 1ea", "category": "Health & Beauty"},
{"title": "Vaseline Intensive Care Deep Restore Body Lotion | 750mL", "price": "$8.00", "price_calculation": "$1.07 per 100mL", "category": "Health & Beauty"},
{"title": "U by Kotex Designer Series Liners | 30 pack", "price": "$2.10", "price_calculation": "$0.07 per 1ea", "category": "Health & Beauty"},
{"title": "Tampax Pearl Compak Super Tampons With Applicator | 18 pack", "price": "$8.50", "price_calculation": "$0.47 per 1ea", "category": "Health & Beauty"},
{"title": "Coles Cotton Make-Up Pads Round | 80 pack", "price": "$1.50", "price_calculation": "$1.88 per 100ea", "category": "Health & Beauty"},
{"title": "Dove Beauty Bar Regular | 6 pack", "price": "$8.80", "price_calculation": "$1.47 per 1ea", "category": "Health & Beauty"},
{"title": "Colgate Max Fresh Coolmint Toothpaste | 200g", "price": "$5.00", "price_calculation": "$2.50 per 100g", "category": "Health & Beauty"},
{"title": "Colgate Sensitive Advanced Clean | 110g", "price": "$9.00", "price_calculation": "$8.18 per 100g", "category": "Health & Beauty"},
{"title": "Colgate Total Advanced Clean Toothpaste | 115g", "price": "$6.50", "price_calculation": "$5.65 per 100g", "category": "Health & Beauty"},
{"title": "Johnson's Body Care Extra Rich Moisturising Cream Body Wash | 1L", "price": "$9.10", "price_calculation": "$0.91 per 100mL", "category": "Health & Beauty"},
{"title": "Panadol Rapid Caplets for Pain Relief Paracetamol 500mg | 20 pack", "price": "$6.00", "price_calculation": "$0.30 per 1ea", "category": "Health & Beauty"},
{"title": "Johnson's Body Care Dreamy Skin Lavender & Moonflower Scented Body Wash | 1L", "price": "$9.10", "price_calculation": "$0.91 per 100mL", "category": "Health & Beauty"},
{"title": "Colgate Advanced Whitening & Tartar Toothpaste  | 200g", "price": "$5.00", "price_calculation": "$2.50 per 100g", "category": "Health & Beauty"},
{"title": "Coles Pregnancy Midstream Test | 3 pack", "price": "$10.00", "price_calculation": "$3.33 per 1ea", "category": "Health & Beauty"},
{"title": "Colgate Advanced Whitening & Tartar Toothpaste | 115g", "price": "$6.50", "price_calculation": "$5.65 per 100g", "category": "Health & Beauty"},
{"title": "L'Oreal Men Pure Charcoal Face Wash | 100mL", "price": "$11.00", "price_calculation": "$11.00 per 100mL", "category": "Health & Beauty"},
{"title": "U by Kotex Sport Ultrathin Pads Regular With Wings | 12 pack", "price": "$2.80", "price_calculation": "$0.23 per 1ea", "category": "Health & Beauty"},
{"title": "Batiste Blush Dry Shampoo | 350mL", "price": "$19.30", "price_calculation": "$5.51 per 100mL", "category": "Health & Beauty"},
{"title": "Coles Paracetamol Caplets | 20 pack", "price": "$0.80", "price_calculation": "$0.04 per 1ea", "category": "Health & Beauty"},
{"title": "Slick Stick Anti Flyaway Magic Hair Wand | 1 pack", "price": "$25.00", "price_calculation": "$25.00 per 1ea", "category": "Health & Beauty"},
{"title": "Colgate Advanced Whitening Charcoal Toothpaste | 180g", "price": "$5.00", "price_calculation": "$2.78 per 100g", "category": "Health & Beauty"},
{"title": "Colgate Plax Fresh Mint Mouthwash | 60mL", "price": "$1.35", "price_calculation": "$2.25 per 100mL", "category": "Health & Beauty"},
{"title": "Coles Cotton Wool Tips Paper Stem | 400 pack", "price": "$4.00", "price_calculation": "$1.00 per 100ea", "category": "Health & Beauty"},
{"title": "Colgate Optic White High Impact Toothpaste | 40g", "price": "$5.00", "price_calculation": "$12.50 per 100g", "category": "Health & Beauty"},
{"title": "Colgate Total Advanced Fresh Toothpaste | 115g", "price": "$6.50", "price_calculation": "$5.65 per 100g", "category": "Health & Beauty"},
{"title": "Coles Liners Regular | 30pack", "price": "$1.65", "price_calculation": "$0.06 per 1ea", "category": "Health & Beauty"},
{"title": "Colgate Max Fresh Coolmint Toothpaste | 115g", "price": "$6.50", "price_calculation": "$5.65 per 100g", "category": "Health & Beauty"},
{"title": "Coles Medistrips Waterproof Strips | 20 pack", "price": "$2.15", "price_calculation": "$0.11 per 1ea", "category": "Health & Beauty"},
{"title": "Panadol Mini Caps for Pain Relief Paracetamol 500mg | 20 pack", "price": "$5.15", "price_calculation": "$0.26 per 1ea", "category": "Health & Beauty"},
{"title": "Oral-B Pro Health Glide Floss 40m | 1 each", "price": "$3.00", "price_calculation": "$3.00 per 1ea", "category": "Health & Beauty"},
{"title": "Coles Antibacterial Hand Wash Lime Fresh | 1L", "price": "$3.00", "price_calculation": "$0.30 per 100mL", "category": "Health & Beauty"},
{"title": "Pantene Daily Moisture Renewal Shampoo | 90mL", "price": "$3.00", "price_calculation": "$3.33 per 100mL", "category": "Health & Beauty"},
{"title": "Coles Rapid Tablets Ibuprofen | 24pack", "price": "$4.50", "price_calculation": "$0.19 per 1ea", "category": "Health & Beauty"},
{"title": "Dettol Anti-Bacterial Lime & Orange Foam Hand wash Pump | 250mL", "price": "$3.50", "price_calculation": "$1.40 per 100mL", "category": "Health & Beauty"},
{"title": "Colgate 360 Degree Value Pack Soft Toothbrush | 2 pack", "price": "$4.00", "price_calculation": "$2.00 per 1ea", "category": "Health & Beauty"},
{"title": "Colgate Plax Premium Gentle Mint Mouthwash | 500mL", "price": "$3.50", "price_calculation": "$0.70 per 100mL", "category": "Health & Beauty"},
{"title": "U By Kotex Extra Overnight Pads With Wings | 10 pack", "price": "$5.00", "price_calculation": "$0.50 per 1ea", "category": "Health & Beauty"},
{"title": "Brut 48Hr Antiperspirant Deodorant Endurance | 130g", "price": "$3.75", "price_calculation": "$2.88 per 100g", "category": "Health & Beauty"},
{"title": "Coles Biodegradable Sensitive 3 In 1 Facial Cleansing Wipes | 30 pack", "price": "$1.80", "price_calculation": "$0.06 per 1ea", "category": "Health & Beauty"},
{"title": "Oral-B Compact Gum Care Ultrathin Toothbrush Extra Soft | 1 pack", "price": "$4.00", "price_calculation": "$4.00 per 1ea", "category": "Health & Beauty"},
{"title": "Coles Cotton Wool Tips Paper Stem | 200 pack", "price": "$3.00", "price_calculation": "$1.50 per 100ea", "category": "Health & Beauty"},
{"title": "Country Life White Fresh Linen Soap | 5 pack", "price": "$4.20", "price_calculation": "$0.93 per 100g", "category": "Health & Beauty"},
{"title": "Colgate Plax Fresh Mint Mouthwash | 500mL", "price": "$3.50", "price_calculation": "$0.70 per 100mL", "category": "Health & Beauty"},
{"title": "Coles Menthol Inhaler | 0.5mL", "price": "$4.50", "price_calculation": "$900.00 per 100mL", "category": "Health & Beauty"},
{"title": "Libra Extra Super With Wings Pads | 12 pack", "price": "$5.00", "price_calculation": "$0.42 per 1ea", "category": "Health & Beauty"},
{"title": "David Beckham Instinct Sport Deodorant Spray | 150mL", "price": "$4.50", "price_calculation": "$3.00 per 100mL", "category": "Health & Beauty"},
{"title": "Colgate Kids Mild Mint Minions Toothpaste | 90g", "price": "$2.10", "price_calculation": "$2.33 per 100g", "category": "Health & Beauty"},
{"title": "White Glo Charcoal Deep Stain Remover Whitening Toothpaste | 205g", "price": "$4.50", "price_calculation": "$2.20 per 100g", "category": "Health & Beauty"},
{"title": "Colgate 360 Degree Value Pack Medium Toothbrush | 2 pack", "price": "$4.00", "price_calculation": "$2.00 per 1ea", "category": "Health & Beauty"},
{"title": "Colgate Slim Soft Advance Gold Manual Toothbrush | 1 pack", "price": "$4.80", "price_calculation": "$4.80 per 1ea", "category": "Health & Beauty"},
{"title": "Dove Glowing Mango Body wash | 1L", "price": "$17.00", "price_calculation": "$1.70 per 100mL", "category": "Health & Beauty"},
{"title": "Dettol Sapoderm Hygienic Bar Soap Cleanser for Acne | 375g", "price": "$5.00", "price_calculation": "$1.33 per 100g", "category": "Health & Beauty"},
{"title": "U by Kotex Sport Liners | 30 pack", "price": "$2.10", "price_calculation": "$0.07 per 1ea", "category": "Health & Beauty"},
{"title": "Libra Extra Regular Pads | 14 pack", "price": "$5.00", "price_calculation": "$0.36 per 1ea", "category": "Health & Beauty"},
{"title": "Colgate Great Regular Flavour Toothpaste | 180g", "price": "$3.50", "price_calculation": "$1.94 per 100g", "category": "Health & Beauty"},
{"title": "Oral B Sensitivity & Gum Extra Fresh Breath Toothpaste | 90g", "price": "$5.00", "price_calculation": "$5.56 per 100g", "category": "Health & Beauty"},
{"title": "Dove Nourishing Body Wash Fresh Touch | 1L", "price": "$17.00", "price_calculation": "$1.70 per 100mL", "category": "Health & Beauty"},
{"title": "Libra Liners Active Protect | 50 pack", "price": "$5.00", "price_calculation": "$10.00 per 100ea", "category": "Health & Beauty"},
{"title": "Coles Shower Puff | 1 each", "price": "$2.50", "price_calculation": "$2.50 per 1ea", "category": "Health & Beauty"},
{"title": "U by Kotex Extra Pads Regular With Wings | 16 pack", "price": "$5.00", "price_calculation": "$0.31 per 1ea", "category": "Health & Beauty"},
{"title": "Dove Beauty Bar Regular | 2 pack", "price": "$2.94", "price_calculation": "$1.47 per 1ea", "category": "Health & Beauty"},
{"title": "Neutrogena Night Calm Make Up Remover Wipes | 25 pack", "price": "$5.10", "price_calculation": "$0.20 per 1ea", "category": "Health & Beauty"},
{"title": "Colgate Advanced Whitening Toothpaste  | 200g", "price": "$5.00", "price_calculation": "$2.50 per 100g", "category": "Health & Beauty"},
{"title": "Palmolive Pomegranate & Mango Shower Gel | 1L", "price": "$6.00", "price_calculation": "$0.60 per 100mL", "category": "Health & Beauty"},
{"title": "Colgate Plax Fresh Mint Mouth Wash | 1L", "price": "$12.00", "price_calculation": "$1.20 per 100mL", "category": "Health & Beauty"},
{"title": "Palmolive Kids 3 In 1 Happy Apple Shampoo Conditioner & Body Wash | 350mL", "price": "$6.00", "price_calculation": "$1.71 per 100mL", "category": "Health & Beauty"},
{"title": "Colgate Advanced Whitening Toothpaste | 115g", "price": "$6.50", "price_calculation": "$5.65 per 100g", "category": "Health & Beauty"},
{"title": "Palmolive Naturals Refreshing Shower Gel | 500mL", "price": "$6.50", "price_calculation": "$1.30 per 100mL", "category": "Health & Beauty"},
{"title": "Coles Dental Flossers | 30 pack", "price": "$1.20", "price_calculation": "$0.04 per 1ea", "category": "Health & Beauty"},
{"title": "Gaviscon Dual Action Mixed Berry Tablets | 16 pack", "price": "$6.50", "price_calculation": "$0.41 per 1ea", "category": "Health & Beauty"},
{"title": "Panadol Paracetamol Pain Relief Tablets | 20 pack", "price": "$4.50", "price_calculation": "$0.23 per 1ea", "category": "Health & Beauty"},
{"title": "Palmolive Naturals Coconut Body Wash | 500mL", "price": "$6.50", "price_calculation": "$1.30 per 100mL", "category": "Health & Beauty"},
{"title": "Nurofen Zavance Fast Pain Relief 200mg Ibuprofen Liquid Capsules | 20 pack", "price": "$7.50", "price_calculation": "$0.38 per 1ea", "category": "Health & Beauty"},
{"title": "Panadol Optizorb Paracetamol Tablets | 20 pack", "price": "$4.00", "price_calculation": "$0.20 per 1ea", "category": "Health & Beauty"},
{"title": "Colgate Sensitive Pro Relief Multiprotection Toothpaste | 110g", "price": "$5.50", "price_calculation": "$5.00 per 100g", "category": "Health & Beauty"},
{"title": "Palmolive Anti-Stress Shower Gel | 1L", "price": "$6.00", "price_calculation": "$0.60 per 100mL", "category": "Health & Beauty"},
{"title": "Dove Nourishing Secrets Restoring Coconut Body Wash | 1L", "price": "$17.00", "price_calculation": "$1.70 per 100mL", "category": "Health & Beauty"},
{"title": "Coles Bath Soap With Aloe Vera | 8 pack", "price": "$2.30", "price_calculation": "$0.29 per 1g", "category": "Health & Beauty"},
{"title": "Panadol Optizorb Paracetamol Caplets | 20 pack", "price": "$4.00", "price_calculation": "$0.20 per 1ea", "category": "Health & Beauty"},
{"title": "U by Kotex Extra Overnight Pads Long With Wings | 8 pack", "price": "$5.00", "price_calculation": "$0.63 per 1ea", "category": "Health & Beauty"},
{"title": "Sensodyne Sensitive Teeth Pain Daily Care + Whitening Toothpaste | 110g", "price": "$9.70", "price_calculation": "$8.82 per 100g", "category": "Health & Beauty"},
{"title": "McCain Superfries Frozen Potato Chips Crinkle Cut | 900g", "price": "$4.50", "price_calculation": "$5.00 per 1kg", "category": "Frozen"},
{"title": "Birds Eye Frozen Baby Peas | 1kg", "price": "$6.00", "price_calculation": "$6.00 per 1kg", "category": "Frozen"},
{"title": "Peters Gluten Free Original Vanilla Ice Cream Tub | 2L", "price": "$5.50", "price_calculation": "$0.28 per 100mL", "category": "Frozen"},
{"title": "Creative Gourmet Frozen Pink Dragonfruit Chunks | 300g", "price": "$5.65", "price_calculation": "$18.83 per 1kg", "category": "Frozen"},
{"title": "Steggles Frozen Classic Crumb Chicken Breast Tenders | 1kg", "price": "$11.00", "price_calculation": "$11.00 per 1kg", "category": "Frozen"},
{"title": "Mrs Mac's Microwaveable Beef Pie | 175g", "price": "$2.50", "price_calculation": "$1.43 per 100g", "category": "Frozen"},
{"title": "Hong Kong Dim Sim Pork And Chive Dumplings | 300g", "price": "$4.00", "price_calculation": "$1.33 per 100g", "category": "Frozen"},
{"title": "Herbert Adams Seasonal Garden Vegetable Pastie 4 pack | 700g", "price": "$7.50", "price_calculation": "$1.07 per 100g", "category": "Frozen"},
{"title": "Four'N Twenty Frozen Jumbo Sausage Rolls 6 Pieces | 700g", "price": "$7.50", "price_calculation": "$1.07 per 100g", "category": "Frozen"},
{"title": "Birds Eye Frozen Fish Fillets With Herb & Garlic Crumb Oven Bake 6 pack | 425g", "price": "$5.25", "price_calculation": "$12.35 per 1kg", "category": "Frozen"},
{"title": "Birds Eye Frozen Fish Fillets With Lemon Crumb Oven Bake 6 pack | 425g", "price": "$5.25", "price_calculation": "$12.35 per 1kg", "category": "Frozen"},
{"title": "Bells Frozen Pure Bagged Ice | 5kg", "price": "$5.40", "price_calculation": "$1.08 per 1kg", "category": "Frozen"},
{"title": "Coles Choc Mint Cones 4 pack | 475mL", "price": "$3.90", "price_calculation": "$0.82 per 100mL", "category": "Frozen"},
{"title": "Coles Frozen Fruit Blueberries | 1kg", "price": "$11.00", "price_calculation": "$11.00 per 1kg", "category": "Frozen"},
{"title": "Mrs Mac's Microwaveable Sausage Roll | 175g", "price": "$2.50", "price_calculation": "$1.43 per 100g", "category": "Frozen"},
{"title": "Coles Chocolate Coated Ice Creams 10 Pack | 865mL", "price": "$3.50", "price_calculation": "$0.40 per 100mL", "category": "Frozen"},
{"title": "Steggles Frozen Crumbed Chicken Breast Tenders  | 400g", "price": "$6.00", "price_calculation": "$15.00 per 1kg", "category": "Frozen"},
{"title": "Ben & Jerrys Topped Tiramisu | 436mL", "price": "$7.25", "price_calculation": "$1.66 per 100mL", "category": "Frozen"},
{"title": "Creative Gourmet Frozen Mango Chunks | 750g", "price": "$8.00", "price_calculation": "$1.07 per 100g", "category": "Frozen"},
{"title": "Magnum Ice Cream Mini Almond 6Pack | 360mL", "price": "$8.00", "price_calculation": "$2.22 per 100mL", "category": "Frozen"},
{"title": "Patties Frozen Party Classic Beef Pies 12 pack | 560g", "price": "$9.50", "price_calculation": "$1.70 per 100g", "category": "Frozen"},
{"title": "Kawan Plain Paratha | 1.2kg", "price": "$9.00", "price_calculation": "$0.75 per 100g", "category": "Frozen"},
{"title": "Steggles Frozen Sweet Chilli Chicken Tenders | 1kg", "price": "$11.00", "price_calculation": "$11.00 per 1kg", "category": "Frozen"},
{"title": "Hong Kong Pork Dim Sims | 480g", "price": "$4.00", "price_calculation": "$0.83 per 100g", "category": "Frozen"},
{"title": "Sara Lee Frozen Sticky Date Pudding | 475g", "price": "$4.00", "price_calculation": "$0.84 per 100g", "category": "Frozen"},
{"title": "Coles Frozen Corn Cobs | 1kg", "price": "$4.50", "price_calculation": "$4.50 per 1kg", "category": "Frozen"},
{"title": "Ben & Jerry's Tonight Dough Ice Cream Tub | 458mL", "price": "$7.25", "price_calculation": "$1.58 per 100mL", "category": "Frozen"},
{"title": "Coles Frozen Convenience Meal Beef Lasagne | 375g", "price": "$4.00", "price_calculation": "$1.07 per 100g", "category": "Frozen"},
{"title": "McCain Superfries Frozen Potato Chips Straight Cut | 900g", "price": "$4.50", "price_calculation": "$5.00 per 1kg", "category": "Frozen"},
{"title": "Birds Eye Stir Fry Oriental | 850g", "price": "$5.50", "price_calculation": "$6.47 per 1kg", "category": "Frozen"},
{"title": "Borgs Frozen Puff Pastry Sheets | 1.7kg", "price": "$8.00", "price_calculation": "$0.47 per 100g", "category": "Frozen"},
{"title": "McCain Frozen Ham & Pineapple Pizza Slices 6 pack | 600g", "price": "$9.00", "price_calculation": "$1.50 per 100g", "category": "Frozen"},
{"title": "Breeder's Choice Plus Kitten Litter | 9L", "price": "$15.00", "price_calculation": "$1.67 per 1L", "category": "Pet"},
{"title": "Patties Frozen Party Pack 30 Pieces | 1.25kg", "price": "$13.50", "price_calculation": "$1.08 per 100g", "category": "Frozen"},
{"title": "Dine Daily Cat Food Fish Selection 85g | 14 pack", "price": "$15.50", "price_calculation": "$1.41 per 100g", "category": "Pet"},
{"title": "Coles Frozen Whole Baby Beans | 500g", "price": "$3.10", "price_calculation": "$6.20 per 1kg", "category": "Frozen"},
{"title": "Friskies Meaty Grills | 2.5kg", "price": "$16.50", "price_calculation": "$0.66 per 100g", "category": "Pet"},
{"title": "Bulla Frozen Multi Flavoured Yoghurt Sticks 8 pack | 472g", "price": "$4.00", "price_calculation": "$0.85 per 100g", "category": "Frozen"},
{"title": "Friskies Dry Adult Surfin & Turfin Favourites Cat Food | 2.5kg", "price": "$16.50", "price_calculation": "$0.66 per 100g", "category": "Pet"},
{"title": "Coles Frozen Green Mixed Vegetables | 1kg", "price": "$5.00", "price_calculation": "$5.00 per 1kg", "category": "Frozen"},
{"title": "Nood Dry Dog Food Cage Free Chicken Recipe With Superfoods | 1.5kg", "price": "$16.50", "price_calculation": "$1.10 per 100g", "category": "Pet"},
{"title": "Coles Frozen Meat Pies 4 Pack | 700g", "price": "$5.60", "price_calculation": "$0.80 per 100g", "category": "Frozen"},
{"title": "Friskies Dry Cat Food Adult Indoor Delight | 2.5kg", "price": "$16.50", "price_calculation": "$0.66 per 100g", "category": "Pet"},
{"title": "Coles Frozen Meat Pies 6 Pack | 900g", "price": "$5.70", "price_calculation": "$0.63 per 100g", "category": "Frozen"},
{"title": "Woofin Good Chicken With Beef & Kangaroo Mince Dog Food | 3.2kg", "price": "$17.20", "price_calculation": "$0.54 per 100g", "category": "Pet"},
{"title": "Coles Sweet Potato Waffle Fries | 500g", "price": "$6.00", "price_calculation": "$12.00 per 1kg", "category": "Frozen"},
{"title": "Vitapet Jerhigh Chicken Sticks Dog Treats | 400g", "price": "$20.00", "price_calculation": "$5.00 per 100g", "category": "Pet"},
{"title": "Coles Frozen Fruit Summer Fruit Mix | 500g", "price": "$6.20", "price_calculation": "$1.24 per 100g", "category": "Frozen"},
{"title": "Optimum Adult Grain Free Dry Dog Food With Chicken & Veg | 2.5kg", "price": "$22.00", "price_calculation": "$0.88 per 100g", "category": "Pet"},
{"title": "Dr Oetker Ristorante Mozzarella Pizza | 355g", "price": "$6.30", "price_calculation": "$1.77 per 100g", "category": "Frozen"},
{"title": "Purr Cat Food Meat Selection 27x85g | 27 pack", "price": "$22.50", "price_calculation": "$0.98 per 100g", "category": "Pet"},
{"title": "Peters Light & Creamy Classic Vanilla Ice Cream Tub | 1.8L", "price": "$6.50", "price_calculation": "$0.36 per 100mL", "category": "Frozen"},
{"title": "My Dog Classic Loaf With Gourmet Beef 24X100G Wet Dog Food | 24 pack", "price": "$27.00", "price_calculation": "$1.13 per 100g", "category": "Pet"},
{"title": "Magnum Ice Cream Classic 4Pack | 428mL", "price": "$8.00", "price_calculation": "$1.87 per 100mL", "category": "Frozen"},
{"title": "My Dog Classic Loaf With Tender Chicken 24X100G Wet Dog Food | 24 pack", "price": "$27.00", "price_calculation": "$1.13 per 100g", "category": "Pet"},
{"title": "Nanna's Frozen Apple Pie | 600g", "price": "$4.00", "price_calculation": "$0.67 per 100g", "category": "Frozen"},
{"title": "Dine Classic Collections Pouch Cat Food Fish Selection In Jelly 24x85g | 24 pack", "price": "$28.00", "price_calculation": "$1.37 per 100g", "category": "Pet"},
{"title": "McCain Quick Cook Straight Cut | 750g", "price": "$5.30", "price_calculation": "$7.07 per 1kg", "category": "Frozen"},
{"title": "Supercoat Adult Large Breed With Chicken Dry Dog Food | 7kg", "price": "$28.00", "price_calculation": "$0.40 per 100g", "category": "Pet"},
{"title": "Coles Mozzarella Bites & Sauce 10 Pack | 330g", "price": "$5.50", "price_calculation": "$1.67 per 100g", "category": "Frozen"},
{"title": "Optimum Chicken & Rice Dog Food Trays 100g | 24 pack", "price": "$28.50", "price_calculation": "$1.19 per 100g", "category": "Pet"},
{"title": "Purina One Adult Dry Cat Food Indoor With Chicken | 2.8kg", "price": "$35.00", "price_calculation": "$1.25 per 100g", "category": "Pet"},
{"title": "Farmers Market Adult Dry Dog Food Beef With Farm Vegetables | 6.8kg", "price": "$38.00", "price_calculation": "$0.56 per 100g", "category": "Pet"},
{"title": "Original Juice Co. Black Label Chilled Orange Juice | 600mL", "price": "$3.00", "price_calculation": "$5.00 per 1L", "category": "Drinks"},
{"title": "Pet Treat Bar Carob Peanut Cluster | approx 100g", "price": "$6.00", "price_calculation": "$60.00 per 1kg", "category": "Pet"},
{"title": "Monster Ultra Fiesta Mango Flavour Energy Drink Can | 500mL", "price": "$2.55", "price_calculation": "$5.10 per 1L", "category": "Drinks"},
{"title": "Optimum Puppy Chicken Wet Dog Food Tray | 100g", "price": "$1.80", "price_calculation": "$1.80 per 100g", "category": "Pet"},
{"title": "Coles Water Spring Natural | 10L", "price": "$4.40", "price_calculation": "$0.44 per 1L", "category": "Drinks"},
{"title": "Ultimates Lamb Mince In Gravy Dog Food | 400g", "price": "$2.90", "price_calculation": "$0.73 per 100g", "category": "Pet"},
{"title": "Coles Orange Juice Chilled | 2L", "price": "$5.20", "price_calculation": "$2.60 per 1L", "category": "Drinks"},
{"title": "Applaws Taste Toppers Dog Tin Chicken Breast With Vegtables In Broth Dog Food | 156g", "price": "$3.00", "price_calculation": "$1.92 per 100g", "category": "Pet"},
{"title": "Cocobella Coconut Water Straight Up | 1L", "price": "$5.50", "price_calculation": "$5.50 per 1L", "category": "Drinks"},
{"title": "Pedigree Homestyle Lamb Pasta & Vegies Adult Wet Dog Food Can | 700g", "price": "$3.50", "price_calculation": "$0.50 per 100g", "category": "Pet"},
{"title": "Coca-Cola Classic Soft Drink Multipack Mini Cans 6x250mL | 6 pack", "price": "$5.80", "price_calculation": "$3.87 per 1L", "category": "Drinks"},
{"title": "Bow Wow Pals Squeaker Toy Hamburger & Hot Dog | 2 pack", "price": "$3.60", "price_calculation": "$1.80 per 1ea", "category": "Pet"},
{"title": "Schweppes Mixers Tonic Water Zero Sugar | 1.1L", "price": "$1.50", "price_calculation": "$1.36 per 1L", "category": "Drinks"},
{"title": "Golp Gourmet Puree Dog Or Cat Prebotic Topper | 130g", "price": "$4.00", "price_calculation": "$3.08 per 100g", "category": "Pet"},
{"title": "Twining's Pure Peppermint Infusions Tea Bags | 10 Pack", "price": "$1.50", "price_calculation": "$0.15 per 1ea", "category": "Drinks"},
{"title": "Bird Munchies Twin Pack Parrot Treat | 180g", "price": "$4.30", "price_calculation": "$2.39 per 100g", "category": "Pet"},
{"title": "H2 Coco 100% Natural Coconut Water | 1L", "price": "$3.50", "price_calculation": "$3.50 per 1L", "category": "Drinks"},
{"title": "Bird Munchies Cuttlefish Bone | 15g", "price": "$4.80", "price_calculation": "$4.80 per 1ea", "category": "Pet"},
{"title": "Rokeby Farms Protein Smoothie Vanilla Wafer | 425mL", "price": "$4.50", "price_calculation": "$10.59 per 1L", "category": "Drinks"},
{"title": "Dine Fresh And Fine Chunks In Jelly With Chicken & Turkey Cat Food Pouch 6x50g | 6 pack", "price": "$5.00", "price_calculation": "$1.67 per 100g", "category": "Pet"},
{"title": "The Juice Brothers Orange Juice | 1.5L", "price": "$5.00", "price_calculation": "$3.33 per 1L", "category": "Drinks"},
{"title": "Farmers Market Dog Treats Australian Kangaroo Jerky Strips Dog Treat | 165g", "price": "$5.60", "price_calculation": "$3.39 per 100g", "category": "Pet"},
{"title": "Liddells Lactose Free Full Cream Milk | 1L", "price": "$3.00", "price_calculation": "$3.00 per 1L", "category": "Drinks"},
{"title": "Vitapet Bakery Bites Mini Bagel Chicken Dog Treat | 5 pack", "price": "$6.40", "price_calculation": "$1.28 per 1ea", "category": "Pet"},
{"title": "Golden Circle 100% Orange Juice No Added Sugar Fruit Juices Oj | 2L", "price": "$3.50", "price_calculation": "$1.75 per 1L", "category": "Drinks"},
{"title": "Coles Pet Wipes | 40 pack", "price": "$6.50", "price_calculation": "$0.16 per 1ea", "category": "Pet"},
{"title": "Coles Water Spring Natural | 600mL", "price": "$1.00", "price_calculation": "$1.67 per 1L", "category": "Drinks"},
{"title": "Peters Foragers Feast Small Animal Food | 1kg", "price": "$7.20", "price_calculation": "$0.72 per 100g", "category": "Pet"},
{"title": "Nudie Double Pulp Orange Juice Chilled | 2L", "price": "$8.50", "price_calculation": "$4.25 per 1L", "category": "Drinks"},
{"title": "Wag Yoghurt Drops Vanilla Dog Treat | 150g", "price": "$7.50", "price_calculation": "$5.00 per 100g", "category": "Pet"},
{"title": "Pauls Zymil Low Fat Long Life Milk | 1L", "price": "$3.00", "price_calculation": "$3.00 per 1L", "category": "Drinks"},
{"title": "Bow Wow Pals Multi-Use Grooming Mitt | 1 pack", "price": "$7.70", "price_calculation": "$7.70 per 1ea", "category": "Pet"},
{"title": "Devondale Full Cream Long Life Milk | 2L", "price": "$3.90", "price_calculation": "$1.95 per 1L", "category": "Drinks"},
{"title": "Optimum With Chicken Rice Vegetables | 6 pack", "price": "$8.00", "price_calculation": "$1.33 per 100g", "category": "Pet"},
{"title": "The Daily Juice Breakfast Burst Juice Chilled | 2L", "price": "$5.00", "price_calculation": "$2.50 per 1L", "category": "Drinks"},
{"title": "Vitapet Chewz Peanut Butter Twist Sticks Dog Treat | 10 pack", "price": "$8.30", "price_calculation": "$0.83 per 1ea", "category": "Pet"},
{"title": "Coles Soft Drink Raspberry | 1.25L", "price": "$0.90", "price_calculation": "$0.72 per 1L", "category": "Drinks"},
{"title": "Dine Pulled Menu Chicken Cat Food 7x85g | 7 pack", "price": "$8.50", "price_calculation": "$1.43 per 100g", "category": "Pet"},
{"title": "Que Cola No Sugar Cola | 1.25L", "price": "$0.90", "price_calculation": "$0.72 per 1L", "category": "Drinks"},
{"title": "Bird Munchies Wild Block Bird Treat | 1.4kg", "price": "$9.30", "price_calculation": "$0.66 per 100g", "category": "Pet"},
{"title": "Vitasoy Calci-Plus Long Life Soy Milk 1L | 1L", "price": "$3.00", "price_calculation": "$3.00 per 1L", "category": "Drinks"},
{"title": "My Dog Puppy Wet Dog Food Chicken Rice Carrots & Spinach 6X100g Trays | 6 pack", "price": "$9.50", "price_calculation": "$1.58 per 100g", "category": "Pet"},
{"title": "Coles Natural Coconut Water | 1L", "price": "$3.20", "price_calculation": "$3.20 per 1L", "category": "Drinks"},
{"title": "The Paw Grocer Freeze Dried Salmon Belly With Fins Dog Treat | 90g", "price": "$9.95", "price_calculation": "$11.06 per 100g", "category": "Pet"},
{"title": "Coles Organic Fairtrade Gold Freeze Dried Coffee | 100g", "price": "$4.00", "price_calculation": "$4.00 per 100g", "category": "Drinks"},
{"title": "Elevate Joint Support Dog Treat | 300g", "price": "$10.50", "price_calculation": "$3.50 per 100g", "category": "Pet"},
{"title": "Coca-Cola Zero Sugar Soft Drink Multipack Bottles 12x300mL | 12 pack", "price": "$9.10", "price_calculation": "$2.53 per 1L", "category": "Drinks"},
{"title": "Vitapet Puppy Pee Training Pads | 7 pack", "price": "$11.00", "price_calculation": "$1.57 per 1ea", "category": "Pet"},
{"title": "Coles Apple & Blackcurrant Juice | 2L", "price": "$2.80", "price_calculation": "$1.40 per 1L", "category": "Drinks"},
{"title": "Pedigree Adult With Real Chicken Dry Dog Food | 3kg", "price": "$11.00", "price_calculation": "$0.37 per 100g", "category": "Pet"},
{"title": "Coca-Cola Zero Sugar Vanilla Soft Drink Bottle | 600mL", "price": "$3.20", "price_calculation": "$5.33 per 1L", "category": "Drinks"},
{"title": "Pedigree Real Beef With Vegies Small Breed Dry Dog Food | 2.5kg", "price": "$11.00", "price_calculation": "$0.44 per 100g", "category": "Pet"},
{"title": "Rokeby Farms Nas Banana Honey Cinnamon Smoothie | 425mL", "price": "$4.50", "price_calculation": "$10.59 per 1L", "category": "Drinks"},
{"title": "Purina Lucky Dog Adult Minis Beef Vegetable & Pasta Dry Dog Food | 3kg", "price": "$11.00", "price_calculation": "$0.37 per 100g", "category": "Pet"},
{"title": "Oatly Oat Milk Barista Edition | 1L", "price": "$5.50", "price_calculation": "$5.50 per 1L", "category": "Drinks"},
{"title": "Coca-Cola Diet Coke Soft Drink Bottle | 600mL", "price": "$3.20", "price_calculation": "$5.33 per 1L", "category": "Drinks"},
{"title": "Daily Juice No Added Sugar Apple Juice | 2L", "price": "$5.00", "price_calculation": "$2.50 per 1L", "category": "Drinks"},
{"title": "Pepsi Max Soft Drink 375mL | 30 pack", "price": "$23.00", "price_calculation": "$2.04 per 1L", "category": "Drinks"},
{"title": "Pepsi Soft Drink Cola Max | 24 pack", "price": "$31.85", "price_calculation": "$3.54 per 1L", "category": "Drinks"},
{"title": "Twinings Lemon & Ginger Infusions Tea Bags | 15g", "price": "$1.50", "price_calculation": "$0.15 per 1ea", "category": "Drinks"},
{"title": "Pureharvest Organic Long Life Oat Milk | 1L", "price": "$2.00", "price_calculation": "$2.00 per 1L", "category": "Drinks"},
{"title": "Coles Dairy Orange Juice | 3L", "price": "$5.00", "price_calculation": "$1.67 per 1L", "category": "Drinks"},
{"title": "Nudie Nothing But 100% Fresh Orange Juice | 1L", "price": "$6.00", "price_calculation": "$6.00 per 1L", "category": "Drinks"},
{"title": "Nudie Nothing But 100% Fresh Orange Pulp Free Juice | 1L", "price": "$6.00", "price_calculation": "$6.00 per 1L", "category": "Drinks"},
{"title": "Coles Unsweetened Almond Milk | 1L", "price": "$2.00", "price_calculation": "$2.00 per 1L", "category": "Drinks"},
{"title": "Lipton Lemon Ice Tea | 1.5L", "price": "$2.90", "price_calculation": "$1.93 per 1L", "category": "Drinks"},
{"title": "Sanitarium So Good Long Life Original Almond Milk | 1L", "price": "$2.90", "price_calculation": "$2.90 per 1L", "category": "Drinks"},
{"title": "Twinings Live Well Sleep+ Herbal Tea Bags | 20 pack", "price": "$4.25", "price_calculation": "$0.21 per 1ea", "category": "Drinks"},
{"title": "Nescafe Blend 43 Instant Coffee | 500g", "price": "$26.00", "price_calculation": "$5.20 per 100g", "category": "Drinks"},
{"title": "Coles No Sugar Soft Drink Pineapple | 1.25L", "price": "$0.90", "price_calculation": "$0.72 per 1L", "category": "Drinks"},
{"title": "Coles Dairy Shredded Parmesan Cheese | 250g", "price": "$6.50", "price_calculation": "$26.00 per 1kg", "category": "Dairy, Eggs & Fridge"},
{"title": "Western Star Chef's Choice Unsalted Cultured Butter | 500g", "price": "$7.50", "price_calculation": "$1.50 per 100g", "category": "Dairy, Eggs & Fridge"},
{"title": "Coles Dairy Shredded Tasty Cheese | 250g", "price": "$5.00", "price_calculation": "$20.00 per 1kg", "category": "Dairy, Eggs & Fridge"},
{"title": "Primo Streaky Bacon | 650g", "price": "$11.00", "price_calculation": "$16.92 per 1kg", "category": "Deli"},
{"title": "Chobani Greek Yogurt Natural Light | 907g", "price": "$6.30", "price_calculation": "$0.69 per 100g", "category": "Dairy, Eggs & Fridge"},
{"title": "Don Pepperoni Salami | approx 100g", "price": "$2.90", "price_calculation": "$29.00 per 1kg", "category": "Deli"},
{"title": "Pura Full Cream Milk | 1L", "price": "$2.70", "price_calculation": "$2.70 per 1L", "category": "Dairy, Eggs & Fridge"},
{"title": "Coles Deli Express Green Olives & Danish Fetta | 120g", "price": "$3.50", "price_calculation": "$29.17 per 1kg", "category": "Deli"},
{"title": "Coles Lactose Free Full Cream Milk | 1L", "price": "$3.10", "price_calculation": "$3.10 per 1L", "category": "Dairy, Eggs & Fridge"},
{"title": "La Casa Del Formaggio Traditional Ricotta | approx 100g", "price": "$1.06", "price_calculation": "$10.60 per 1kg", "category": "Deli"},
{"title": "Coles Pizza Blend Shredded Cheese | 700g", "price": "$11.00", "price_calculation": "$15.71 per 1kg", "category": "Dairy, Eggs & Fridge"},
{"title": "Don Deli Leg Ham | approx 100g", "price": "$1.80", "price_calculation": "$18.00 per 1kg", "category": "Deli"},
{"title": "Farmers Union Greek Style Passionfruit Yoghurt Pouch | 130g", "price": "$1.20", "price_calculation": "$0.92 per 100g", "category": "Dairy, Eggs & Fridge"},
{"title": "Primo Cheese Kransky | 1 each", "price": "$2.35", "price_calculation": "$2.35 per 1ea", "category": "Deli"},
{"title": "A2 Light Fat Milk | 1L", "price": "$3.80", "price_calculation": "$3.80 per 1L", "category": "Dairy, Eggs & Fridge"},
{"title": "Don Chicken Breast | 160g", "price": "$3.20", "price_calculation": "$20.00 per 1kg", "category": "Deli"},
{"title": "Sunny Queen Free Range X Large Eggs 6 pack | 350g", "price": "$4.20", "price_calculation": "$1.20 per 100g", "category": "Dairy, Eggs & Fridge"},
{"title": "Don Traditional Kabana | 200g", "price": "$5.80", "price_calculation": "$29.00 per 1kg", "category": "Deli"},
{"title": "Dairylea Original Cheese Slices 12 pack | 216g", "price": "$5.00", "price_calculation": "$23.15 per 1kg", "category": "Dairy, Eggs & Fridge"},
{"title": "Primo Frankfurt Cocktail | 1kg", "price": "$7.40", "price_calculation": "$7.40 per 1kg", "category": "Deli"},
{"title": "Big M Original Chocolate Flavoured Milk | 2L", "price": "$5.00", "price_calculation": "$2.50 per 1L", "category": "Dairy, Eggs & Fridge"},
{"title": "Bertocchi Regular Mortadella | approx 100g", "price": "$1.40", "price_calculation": "$14.00 per 1kg", "category": "Deli"},
{"title": "Flora ProActiv Margarine Spread Buttery | 250g", "price": "$2.85", "price_calculation": "$1.14 per 100g", "category": "Dairy, Eggs & Fridge"},
{"title": "Coles Deli RSPCA Approved Chicken Breast Satay Style Kebab | 1 each", "price": "$1.10", "price_calculation": "$1.10 per 1ea", "category": "Deli"},
{"title": "Tamar Valley Greek Yoghurt | 1kg", "price": "$8.00", "price_calculation": "$0.80 per 100g", "category": "Dairy, Eggs & Fridge"},
{"title": "Primo Shredded Ham Twin Pack | 300g", "price": "$4.80", "price_calculation": "$16.00 per 1kg", "category": "Deli"},
{"title": "Coles Lactose Free Lite Milk | 1L", "price": "$3.10", "price_calculation": "$3.10 per 1L", "category": "Dairy, Eggs & Fridge"},
{"title": "Bertocchi Long Rindless Bacon | 400g", "price": "$10.00", "price_calculation": "$25.00 per 1kg", "category": "Deli"},
{"title": "Bulla Thickened Cream | 600mL", "price": "$6.00", "price_calculation": "$1.00 per 100mL", "category": "Dairy, Eggs & Fridge"},
{"title": "Thomson's Deli Middle Bacon | 1kg", "price": "$10.25", "price_calculation": "$10.25 per 1kg", "category": "Deli"},
{"title": "Yakult Fermented Light Probiotic Milk 5 Pack | 65mL", "price": "$4.00", "price_calculation": "$12.31 per 1L", "category": "Dairy, Eggs & Fridge"},
{"title": "Don Skinless Cocktail Frankfurt's | approx 50g", "price": "$0.69", "price_calculation": "$13.70 per 1kg", "category": "Deli"},
{"title": "Vaalia Kids Strawberry Yoghurt Pouch | 140g", "price": "$1.60", "price_calculation": "$1.14 per 100g", "category": "Dairy, Eggs & Fridge"},
{"title": "Coles Giant Pitted Kalamata Olives | 110g", "price": "$3.50", "price_calculation": "$31.82 per 1kg", "category": "Deli"},
{"title": "Pauls Zymil Low Fat Milk | 1L", "price": "$3.90", "price_calculation": "$3.90 per 1L", "category": "Dairy, Eggs & Fridge"},
{"title": "Coles Deli Rspca Approved Chicken Wings | approx 120g", "price": "$0.84", "price_calculation": "$7.00 per 1kg", "category": "Deli"},
{"title": "Yakult Fermented Probiotic Milk 5 pack | 65mL", "price": "$4.00", "price_calculation": "$12.31 per 1L", "category": "Dairy, Eggs & Fridge"},
{"title": "Coles Deli Fresh Salmon Fins | approx 250g", "price": "$3.75", "price_calculation": "$15.00 per 1kg", "category": "Deli"},
{"title": "Coles Cheese Shredded Mozzarella | 250g", "price": "$5.00", "price_calculation": "$20.00 per 1kg", "category": "Dairy, Eggs & Fridge"},
{"title": "Primo Deli Cocktail Frankfurts | approx 50g", "price": "$0.36", "price_calculation": "$7.30 per 1kg", "category": "Deli"},
{"title": "Pampas Frozen Puff Pastry Sheets 6 pieces | 1kg", "price": "$5.20", "price_calculation": "$0.52 per 100g", "category": "Dairy, Eggs & Fridge"},
{"title": "Wurstel Chorizo | 300g", "price": "$7.70", "price_calculation": "$25.67 per 1kg", "category": "Deli"},
{"title": "Pauls Physical Reduced Fat Hi Calcium Milk | 2L", "price": "$5.80", "price_calculation": "$2.90 per 1L", "category": "Dairy, Eggs & Fridge"},
{"title": "Coles Semi Dried Tomatoe Fresh Basil | 135g", "price": "$3.50", "price_calculation": "$25.93 per 1kg", "category": "Deli"},
{"title": "Flora ProActiv Margarine Spread Original | 250g", "price": "$2.85", "price_calculation": "$1.14 per 100g", "category": "Dairy, Eggs & Fridge"},
{"title": "Primo Deli Pork Roast | approx 100g", "price": "$2.40", "price_calculation": "$24.00 per 1kg", "category": "Deli"},
{"title": "Thomson'S Deli English Style Ham Quad Pack | 400g", "price": "$5.50", "price_calculation": "$13.75 per 1kg", "category": "Dairy, Eggs & Fridge"},
{"title": "Primo Gluten Free Cheese Kransky | 250g", "price": "$5.40", "price_calculation": "$21.60 per 1kg", "category": "Deli"},
{"title": "Sanitarium So Good Long Life Unsweetened Almond Milk | 1L", "price": "$2.90", "price_calculation": "$2.90 per 1L", "category": "Dairy, Eggs & Fridge"},
{"title": "Coles Deli Express Mild Hungarian Sliced Salami | 150g", "price": "$7.00", "price_calculation": "$46.67 per 1kg", "category": "Deli"},
{"title": "Coles Australian Smokey Individually Wrapped Slices 12 Pack | 250g", "price": "$3.70", "price_calculation": "$14.80 per 1kg", "category": "Dairy, Eggs & Fridge"},
{"title": "Coles Deli  Green Olives with Chilli Garlic | approx 100g", "price": "$2.20", "price_calculation": "$22.00 per 1kg", "category": "Deli"},
{"title": "Coles Dairy Hommus Dip | 200g", "price": "$2.50", "price_calculation": "$1.25 per 100g", "category": "Dairy, Eggs & Fridge"},
{"title": "Coles Deli Fresh Saddletail Snapper Fillet | approx 250g", "price": "$9.00", "price_calculation": "$36.00 per 1kg", "category": "Deli"},
{"title": "Vitasoy Dairy Soy Light Calcium Plus | 1L", "price": "$2.50", "price_calculation": "$2.50 per 1L", "category": "Dairy, Eggs & Fridge"},
{"title": "Coles Shredded Roast Chicken Breast | 150g", "price": "$6.00", "price_calculation": "$40.00 per 1kg", "category": "Deli"},
{"title": "Coles Spread Regular | 1kg", "price": "$3.50", "price_calculation": "$0.35 per 100g", "category": "Dairy, Eggs & Fridge"},
{"title": "Primo Classic Chorizo 2 Pack | 250g", "price": "$7.30", "price_calculation": "$29.20 per 1kg", "category": "Deli"},
{"title": "Western Star Chef's Choice Unsalted Cultured Butter Pat | 250g", "price": "$4.80", "price_calculation": "$1.92 per 100g", "category": "Dairy, Eggs & Fridge"},
{"title": "Thomson's Deli Cooking Bacon | 1kg", "price": "$8.80", "price_calculation": "$8.80 per 1kg", "category": "Deli"},
{"title": "Thomson's Deli Honey Ham Sliced Quad Pack | 400g", "price": "$5.50", "price_calculation": "$13.75 per 1kg", "category": "Dairy, Eggs & Fridge"},
{"title": "Primo Streaky Rindless Bacon | 200g", "price": "$5.00", "price_calculation": "$25.00 per 1kg", "category": "Deli"},
{"title": "Gippsland Dairy Blueberry Twist Yoghurt | 700g", "price": "$5.00", "price_calculation": "$0.71 per 100g", "category": "Dairy, Eggs & Fridge"},
{"title": "Coles Hot Roast Beef | 1 each", "price": "$15.00", "price_calculation": "$15.00 per 1ea", "category": "Deli"},
{"title": "Devondale Full Cream Long Life Milk 6 pack | 1.2L", "price": "$6.00", "price_calculation": "$5.00 per 1L", "category": "Dairy, Eggs & Fridge"},
{"title": "Bertocchi Short Rindless Bacon | 400g", "price": "$10.00", "price_calculation": "$25.00 per 1kg", "category": "Deli"},
{"title": "Farmers Union Greek Style Vanilla Bean Yoghurt | 130g", "price": "$1.20", "price_calculation": "$0.92 per 100g", "category": "Dairy, Eggs & Fridge"},
{"title": "Coles Italian Style Salami | approx 100g", "price": "$3.70", "price_calculation": "$37.00 per 1kg", "category": "Deli"},
{"title": "Coles Light Greek Style Yoghurt | 1kg", "price": "$4.40", "price_calculation": "$0.44 per 100g", "category": "Dairy, Eggs & Fridge"},
{"title": "Coles Deli RSPCA Approved Chicken Schnitzel | 250g", "price": "$3.50", "price_calculation": "$14.00 per 1kg", "category": "Deli"},
{"title": "Bega Strong & Bitey Natural Vintage Slices | 500g", "price": "$10.50", "price_calculation": "$21.00 per 1kg", "category": "Dairy, Eggs & Fridge"},
{"title": "Coles Antipasto Mix | 120g", "price": "$3.50", "price_calculation": "$29.17 per 1kg", "category": "Deli"},
{"title": "Coles Kitchen Garlic Baguette Twin Pack | 450g", "price": "$2.90", "price_calculation": "$0.64 per 100g", "category": "Dairy, Eggs & Fridge"},
{"title": "Coles Marinated Whole Button Mushrooms With Rosemary | 110g", "price": "$4.50", "price_calculation": "$4.09 per 100g", "category": "Deli"},
{"title": "Hunt & Brew Extra Creamy Milk | 1L", "price": "$3.15", "price_calculation": "$3.15 per 1L", "category": "Dairy, Eggs & Fridge"},
{"title": "Coles Australian Made Thin Sliced Streaky Bacon | 200g", "price": "$5.00", "price_calculation": "$25.00 per 1kg", "category": "Deli"},
{"title": "Olive Grove Classic Olive Oil Margarine Tub | 500g", "price": "$5.65", "price_calculation": "$1.13 per 100g", "category": "Dairy, Eggs & Fridge"},
{"title": "Thomson's Deli Mild Hungarian Salami | 320g", "price": "$6.60", "price_calculation": "$20.63 per 1kg", "category": "Deli"},
{"title": "Western Star Original Salted Butter Pat | 500g", "price": "$7.50", "price_calculation": "$1.50 per 100g", "category": "Dairy, Eggs & Fridge"},
{"title": "Don Dairy Strasburg Knob | 500g", "price": "$7.30", "price_calculation": "$14.60 per 1kg", "category": "Deli"},
{"title": "Lurpak Spreadable Slightly Salted | 400g", "price": "$7.50", "price_calculation": "$1.88 per 100g", "category": "Dairy, Eggs & Fridge"},
{"title": "Don Gluten Free Footy Franks Skinless | 600g", "price": "$7.80", "price_calculation": "$13.00 per 1kg", "category": "Deli"},
{"title": "Coles Cheddar Cheese Block | 1kg", "price": "$11.00", "price_calculation": "$11.00 per 1kg", "category": "Dairy, Eggs & Fridge"},
{"title": "Thomson's Deli Short Cut Bacon | 1.25kg", "price": "$12.80", "price_calculation": "$10.24 per 1kg", "category": "Deli"},
{"title": "Coles Swiss Style Cheese Slices | 200g", "price": "$5.00", "price_calculation": "$25.00 per 1kg", "category": "Dairy, Eggs & Fridge"},
{"title": "Coles Deli Thawed MSC Smoked Cod Fillet | approx 200g", "price": "$3.30", "price_calculation": "$16.50 per 1kg", "category": "Deli"},
{"title": "Coles Dairy Cheese Slices Processed Lite 24 Pack | 500g", "price": "$5.00", "price_calculation": "$10.00 per 1kg", "category": "Dairy, Eggs & Fridge"},
{"title": "R & S Danube Black Forest Rare Roast Beef | approx 100g", "price": "$3.80", "price_calculation": "$38.00 per 1kg", "category": "Deli"},
{"title": "Coles Deli RSPCA Approved Chicken Crumbed Schnitzel | 1 each", "price": "$3.70", "price_calculation": "$3.70 per 1ea", "category": "Deli"},
{"title": "Deli Express Ivans Quiche Lorraine | 180g", "price": "$5.40", "price_calculation": "$3.00 per 100g", "category": "Deli"},
{"title": "Yogo Vanilla Flavoured Custard Pouch | 120g", "price": "$2.00", "price_calculation": "$1.67 per 100g", "category": "Dairy, Eggs & Fridge"},
{"title": "Yogo Custard Pouch Chocolate | 120g", "price": "$2.00", "price_calculation": "$1.67 per 100g", "category": "Dairy, Eggs & Fridge"},
{"title": "Stonefire Original Naan Bread | 250g", "price": "$3.00", "price_calculation": "$1.20 per 100g", "category": "Dairy, Eggs & Fridge"},
{"title": "Coles Deli Salad Tubs Jumbo Quinoa Tabouleh Salad | 1 each", "price": "$11.00", "price_calculation": "$11.00 per 1ea", "category": "Fruit & Vegetables"},
{"title": "Philadelphia Light Cream For Cooking | 240mL", "price": "$3.30", "price_calculation": "$1.38 per 100mL", "category": "Dairy, Eggs & Fridge"},
{"title": "Coles Deli Salad Jumbo Tubs Potato Egg & Bacon | 1 each", "price": "$11.00", "price_calculation": "$11.00 per 1ea", "category": "Fruit & Vegetables"},
{"title": "Oatly Chocolate Oat Milk | 1L", "price": "$3.50", "price_calculation": "$3.50 per 1L", "category": "Dairy, Eggs & Fridge"},
{"title": "Coles Jumbo Salad Tub Curried Pumpkin Cous Cous Salad | 1 each", "price": "$11.00", "price_calculation": "$11.00 per 1ea", "category": "Fruit & Vegetables"},
{"title": "The Cheesecake Shop Chocolate Mousse | 100g", "price": "$3.50", "price_calculation": "$3.50 per 100g", "category": "Dairy, Eggs & Fridge"},
{"title": "Coles Entertainer Mix | approx 100g", "price": "$2.00", "price_calculation": "$20.00 per 1kg", "category": "Fruit & Vegetables"},
{"title": "Fancy Plants High Protein Pud Chocolate | 160g", "price": "$3.50", "price_calculation": "$2.19 per 100g", "category": "Dairy, Eggs & Fridge"},
{"title": "Scoop & Weigh Milk Choc Honeycomb Balls | approx 100g", "price": "$3.00", "price_calculation": "$30.00 per 1kg", "category": "Fruit & Vegetables"},
{"title": "Yumi's Mayo Dill Aioli | 200g", "price": "$3.70", "price_calculation": "$1.85 per 100g", "category": "Dairy, Eggs & Fridge"},
{"title": "Coles Choc Caramel Fudge Balls | approx 100g", "price": "$3.00", "price_calculation": "$30.00 per 1kg", "category": "Fruit & Vegetables"},
{"title": "Coles Nature's Kitchen Spiced Lentil & Kale Kofta | 240g", "price": "$3.75", "price_calculation": "$1.56 per 100g", "category": "Dairy, Eggs & Fridge"},
{"title": "Coles Chocolate Honeycomb Speckle Ball | approx 100g", "price": "$3.00", "price_calculation": "$30.00 per 1kg", "category": "Fruit & Vegetables"},
{"title": "Obela Hommus Garnished Sweet Potato Dip | 220g", "price": "$4.00", "price_calculation": "$1.82 per 100g", "category": "Dairy, Eggs & Fridge"},
{"title": "Coles Fruit Nut And Seed Toasted Muesli | approx 100g", "price": "$3.00", "price_calculation": "$30.00 per 1kg", "category": "Fruit & Vegetables"},
{"title": "Mainland On The Go Lunch Pack Sweet Chilli Relish | 110g", "price": "$4.40", "price_calculation": "$4.00 per 100g", "category": "Dairy, Eggs & Fridge"},
{"title": "Coles Maple Pecan Toasted Muesli | approx 100g", "price": "$3.00", "price_calculation": "$30.00 per 1kg", "category": "Fruit & Vegetables"},
{"title": "Black Swan Crafted Sweet Chilli Jam Dip | 170g", "price": null, "price_calculation": null, "category": "Dairy, Eggs & Fridge"},
{"title": "Coles Vegan Fruity Almond Coconut Granola | approx 100g", "price": "$3.50", "price_calculation": "$35.00 per 1kg", "category": "Fruit & Vegetables"},
{"title": "Wildly Good Burger Original Veggie | 250g", "price": "$5.00", "price_calculation": "$2.00 per 100g", "category": "Dairy, Eggs & Fridge"},
{"title": "Coles Hazelnut And Cranberry Coco Granola | approx 100g", "price": "$3.50", "price_calculation": "$35.00 per 1kg", "category": "Fruit & Vegetables"},
{"title": "Primo Manuka Honey Bacon | 175g", "price": "$5.00", "price_calculation": "$28.57 per 1kg", "category": "Dairy, Eggs & Fridge"},
{"title": "Coles Super Nutty Low Sugar Granola | approx 100g", "price": "$3.50", "price_calculation": "$35.00 per 1kg", "category": "Fruit & Vegetables"},
{"title": "Nuttelex Kosher Spread Tub | 500g", "price": "$5.20", "price_calculation": "$1.04 per 100g", "category": "Dairy, Eggs & Fridge"},
{"title": "Coles High Fibre Blend | approx 100g", "price": "$3.70", "price_calculation": "$37.00 per 1kg", "category": "Fruit & Vegetables"},
{"title": "Riverina Dairy Greek Style Fetta | 200g", "price": "$5.30", "price_calculation": "$26.50 per 1kg", "category": "Dairy, Eggs & Fridge"},
{"title": "Coles Peanut Butter Protein Bites | approx 100g", "price": "$5.00", "price_calculation": "$50.00 per 1kg", "category": "Fruit & Vegetables"},
{"title": "Garlos Chunky Steak Pie | 200g", "price": "$5.40", "price_calculation": "$2.70 per 100g", "category": "Dairy, Eggs & Fridge"},
{"title": "Coles Brownie Protein Bites | approx 100g", "price": "$5.00", "price_calculation": "$50.00 per 1kg", "category": "Fruit & Vegetables"},
{"title": "Kingland Dairy Free Natural Greek Style Yoghurt | 500g", "price": "$5.50", "price_calculation": "$1.10 per 100g", "category": "Dairy, Eggs & Fridge"},
{"title": "Scoop & Weigh Superfood Dragon Fruit Smoothie Powder | approx 100g", "price": "$7.99", "price_calculation": "$79.90 per 1kg", "category": "Fruit & Vegetables"},
{"title": "Deli-Licious Ham Style | 100g", "price": "$5.50", "price_calculation": "$55.00 per 1kg", "category": "Dairy, Eggs & Fridge"},
{"title": "Scoop & Weigh Superfood Berry Smoothie Powder | approx 100g", "price": "$7.99", "price_calculation": "$79.90 per 1kg", "category": "Fruit & Vegetables"},
{"title": "Deli-Licious Chicken Style | 100g", "price": "$5.50", "price_calculation": "$55.00 per 1kg", "category": "Dairy, Eggs & Fridge"},
{"title": "Medjool Dates Medjol Date 5kg Gift Box | 1 each", "price": "$80.00", "price_calculation": "$16.00 per 1kg", "category": "Fruit & Vegetables"},
{"title": "Seng Hork Mini Dark Brown Sugar Mantou | 550g", "price": "$5.60", "price_calculation": "$1.02 per 100g", "category": "Dairy, Eggs & Fridge"},
{"title": "Philadelphia Lactose Free Block | 250g", "price": "$5.70", "price_calculation": "$22.80 per 1kg", "category": "Dairy, Eggs & Fridge"},
{"title": "Nature's Kitchen Cheddar Shred | 200g", "price": "$6.00", "price_calculation": "$30.00 per 1kg", "category": "Dairy, Eggs & Fridge"},
{"title": "Veef Plant Based Butter Chicken | 400g", "price": "$6.00", "price_calculation": "$1.50 per 100g", "category": "Dairy, Eggs & Fridge"},
{"title": "Veef Plant Based Meat Balls With Tomato Sauce | 400g", "price": "$6.00", "price_calculation": "$1.50 per 100g", "category": "Dairy, Eggs & Fridge"},
{"title": "South Cape Danish Style Reduced Fat Fetta | 200g", "price": "$6.45", "price_calculation": "$32.25 per 1kg", "category": "Dairy, Eggs & Fridge"},
{"title": "South Cape Reduced Fat Greek Style Fetta | 200g", "price": "$6.45", "price_calculation": "$32.25 per 1kg", "category": "Dairy, Eggs & Fridge"},
{"title": "Coles Kitchen Corn Fritters | 180g", "price": "$6.50", "price_calculation": "$3.61 per 100g", "category": "Dairy, Eggs & Fridge"},
{"title": "British Sausage Co Black Pudding | 200g", "price": "$6.50", "price_calculation": "$32.50 per 1kg", "category": "Dairy, Eggs & Fridge"},
{"title": "Coles Kitchen Vegetable Spring Rolls | 200g", "price": "$6.50", "price_calculation": "$3.25 per 100g", "category": "Dairy, Eggs & Fridge"},
{"title": "Coles Kitchen Filled Pasta Ravioli Beef Tomato | 630g", "price": "$7.00", "price_calculation": "$1.11 per 100g", "category": "Dairy, Eggs & Fridge"},
{"title": "Coles Spreadable Dairy Blend | 750g", "price": "$7.30", "price_calculation": "$0.97 per 100g", "category": "Dairy, Eggs & Fridge"},
{"title": "Cheer Colby Cheese Slices | 250g", "price": "$8.00", "price_calculation": "$32.00 per 1kg", "category": "Dairy, Eggs & Fridge"},
{"title": "Cheer Vintage Cheese Slices | 250g", "price": "$8.00", "price_calculation": "$32.00 per 1kg", "category": "Dairy, Eggs & Fridge"},
{"title": "Yarra Valley Cheese Camembert | 200g", "price": "$8.00", "price_calculation": "$40.00 per 1kg", "category": "Dairy, Eggs & Fridge"},
{"title": "Coyo Organic Coconut Yoghurt Natural | 500g", "price": "$8.50", "price_calculation": "$1.70 per 100g", "category": "Dairy, Eggs & Fridge"},
{"title": "Jarlsberg Cheese Wedge | 230g", "price": "$8.50", "price_calculation": "$36.96 per 1kg", "category": "Dairy, Eggs & Fridge"},
{"title": "25 Degrees South Victorian Three Cheese Ravioli | 325g", "price": "$9.00", "price_calculation": "$2.77 per 100g", "category": "Dairy, Eggs & Fridge"},
{"title": "Coles Finest Thai Green Chicken Curry With Coconut Rice | 350g", "price": "$9.00", "price_calculation": "$2.57 per 100g", "category": "Dairy, Eggs & Fridge"},
{"title": "Coles Perform Lean Cajun Chicken Quinoa | 350g", "price": "$9.95", "price_calculation": "$2.84 per 100g", "category": "Dairy, Eggs & Fridge"},
{"title": "Yarra Valley Cheese Marinated Persian Fetta | 350g", "price": "$10.25", "price_calculation": "$29.29 per 1kg", "category": "Dairy, Eggs & Fridge"},
{"title": "Udder Delights Adelaide Hills Ash Brie Cheese | 200g", "price": "$10.50", "price_calculation": "$52.50 per 1kg", "category": "Dairy, Eggs & Fridge"},
{"title": "Cheer Tasty Cheese Block | 500g", "price": "$10.90", "price_calculation": "$21.80 per 1kg", "category": "Dairy, Eggs & Fridge"},
{"title": "Coles Spinach And Ricotta Cannelloni | 1.2kg", "price": null, "price_calculation": null, "category": "Dairy, Eggs & Fridge"},
{"title": "Herbert Adams Spinach Zucchini Feta & Pepita Wholemeal Quiche | 650g", "price": "$12.80", "price_calculation": "$1.97 per 100g", "category": "Dairy, Eggs & Fridge"},
{"title": "Twinings Live Well Focus Tea Bags | 22 pack", "price": "$4.25", "price_calculation": "$0.19 per 1ea", "category": "Drinks"},
{"title": "Suncoast Gold Macadamia Unsweetened Long Life Milk 1L | 1L", "price": "$4.30", "price_calculation": "$4.30 per 1L", "category": "Drinks"},
{"title": "Hot Topic Footed Tea Cup | 1 each", "price": "$7.50", "price_calculation": "$7.50 per 1ea", "category": "Household"},
{"title": "Fever-Tree Premium Mixer Indian Tonic Water | 500mL", "price": "$4.40", "price_calculation": "$8.80 per 1L", "category": "Drinks"},
{"title": "Raid One Shot Pest Odourless Flying Insect Spray Killer With Double Nozzle | 320g", "price": "$7.50", "price_calculation": "$2.34 per 100g", "category": "Household"},
{"title": "Bickford's Diet Lemon Lime Bitter Cordial | 750mL", "price": "$4.50", "price_calculation": "$6.00 per 1L", "category": "Drinks"},
{"title": "Fairy Ultra Dishwashing Concentrate Anti Bacterial | 475mL", "price": "$7.50", "price_calculation": "$1.58 per 100mL", "category": "Household"},
{"title": "Vittoria Mountain Grown Nespresso Compatible Coffee Capsules | 10 pack", "price": "$4.50", "price_calculation": "$0.45 per 1ea", "category": "Drinks"},
{"title": "Aura Stainless Steel Peg | 12 pack", "price": "$7.50", "price_calculation": "$0.63 per 1ea", "category": "Household"},
{"title": "Nudie Probiotic Mango & Passionfruit Smoothie | 400mL", "price": "$4.50", "price_calculation": "$11.25 per 1L", "category": "Drinks"},
{"title": "Fisher Price Baby First Blocks | 1 each", "price": "$11.00", "price_calculation": "$11.00 per 1ea", "category": "Household"},
{"title": "Nudie Probiotic Strawberry & Raspberry Smoothie | 400mL", "price": "$4.50", "price_calculation": "$11.25 per 1L", "category": "Drinks"},
{"title": "Travel First Aid Kit | 1 each", "price": "$9.99", "price_calculation": "$9.99 per 1ea", "category": "Household"},
{"title": "Bickford's Ginger Beer Cordial | 750mL", "price": "$4.50", "price_calculation": "$6.00 per 1L", "category": "Drinks"},
{"title": "Urbanworx Digital Luggage Scale With Measuring Tape | 1 each", "price": "$9.99", "price_calculation": "$9.99 per 1ea", "category": "Household"},
{"title": "Mr D's Raspberry Drink | 2L", "price": "$4.60", "price_calculation": "$2.30 per 1L", "category": "Drinks"},
{"title": "Gourmet Mays Oven Spill Liner | 1 each", "price": "$8.00", "price_calculation": "$8.00 per 1ea", "category": "Household"},
{"title": "Campbells V8 Power Blend Golden Glow Juice | 1.25L", "price": "$4.80", "price_calculation": "$3.84 per 1L", "category": "Drinks"},
{"title": "TKO Out For The Count Crawling Insect Killer Odourless | 300g", "price": "$8.00", "price_calculation": "$2.67 per 100g", "category": "Household"},
{"title": "Campbell's V8 Smoothie Mixed Berry Juice | 1.25L", "price": "$4.80", "price_calculation": "$3.84 per 1L", "category": "Drinks"},
{"title": "Duracell Specialty 357 | 1 pack", "price": "$8.00", "price_calculation": "$8.00 per 1ea", "category": "Household"},
{"title": "Madura English Breakfast Leaf Tea | 200g", "price": "$4.80", "price_calculation": "$2.40 per 100g", "category": "Drinks"},
{"title": "Mix Curve Ph Black Size 2 4pack | 1 each", "price": "$8.00", "price_calculation": "$8.00 per 1ea", "category": "Household"},
{"title": "Sodastream Classics Cream Soda Flavoured Sparkling Drink Mix | 440mL", "price": "$5.00", "price_calculation": "$11.36 per 1L", "category": "Drinks"},
{"title": "Mix Regular Ph Natural Tall/X-Tall 4 pack | 1 each", "price": "$8.00", "price_calculation": "$8.00 per 1ea", "category": "Household"},
{"title": "Charlies Quencher Mango Orange | 2L", "price": "$5.40", "price_calculation": "$2.70 per 1L", "category": "Drinks"},
{"title": "Spotgo Surface & BBQ Degreaser | 500g", "price": "$8.00", "price_calculation": "$1.60 per 100g", "category": "Household"},
{"title": "Mount Franklin Sparkling Water Cans Mango 6x250mL | 6 pack", "price": "$5.80", "price_calculation": "$3.87 per 1L", "category": "Drinks"},
{"title": "Clio Cotton Sole Kh 30D Black One Size 2 pack | 1 each", "price": "$8.00", "price_calculation": "$8.00 per 1ea", "category": "Household"},
{"title": "Mount Franklin Lightly Sparkling Water Raspberry Multipack Mini Cans 6 x 250mL | 6 pack", "price": "$5.80", "price_calculation": "$3.87 per 1L", "category": "Drinks"},
{"title": "Clio Cotton Sole Kh 30D Natural One Size 2 pack | 1 each", "price": "$8.00", "price_calculation": "$8.00 per 1ea", "category": "Household"},
{"title": "Nerada Camomile Herbal Infusion Tea Bags 40 pack | 60g", "price": "$5.80", "price_calculation": "$0.15 per 1ea", "category": "Drinks"},
{"title": "Sistema To Go Snack Attack 410mL | 1 each", "price": "$8.00", "price_calculation": "$8.00 per 1ea", "category": "Household"},
{"title": "Original Juice Co. Black Label Limited Edition Juice | 1.5L", "price": "$6.00", "price_calculation": "$4.00 per 1L", "category": "Drinks"},
{"title": "Sistema To Go Cutlery Set | 1 each", "price": "$8.00", "price_calculation": "$8.00 per 1ea", "category": "Household"},
{"title": "Sunraysia Pomegranate Juice | 1L", "price": "$6.50", "price_calculation": "$6.50 per 1L", "category": "Drinks"},
{"title": "Snazzee 2L Hot Water Bottle | 1 each", "price": "$8.00", "price_calculation": "$8.00 per 1ea", "category": "Household"},
{"title": "Twinings Earl Grey Loose Leaf Tea | 125g", "price": "$6.50", "price_calculation": "$5.20 per 100g", "category": "Drinks"},
{"title": "Cook & Dine Sieves | 2 pack", "price": "$8.00", "price_calculation": "$4.00 per 1ea", "category": "Household"},
{"title": "Twinings English Breakfast Leaf Tea | 125g", "price": "$6.50", "price_calculation": "$5.20 per 100g", "category": "Drinks"},
{"title": "Settlers Original Insect Repellent Candle | 1 pack", "price": "$8.00", "price_calculation": "$8.00 per 1ea", "category": "Household"},
{"title": "Sodasmith Light Tonic Can 4x200mL | 4 pack", "price": "$6.50", "price_calculation": "$8.13 per 1L", "category": "Drinks"},
{"title": "Fila Fxt Message Roller Ball | 1 each", "price": "$8.00", "price_calculation": "$8.00 per 1ea", "category": "Household"},
{"title": "Pukka Night Time Tea Sachets 20 pack | 20g", "price": "$6.60", "price_calculation": "$0.33 per 1ea", "category": "Drinks"},
{"title": "Velcro Dart Board | 1 each", "price": "$8.00", "price_calculation": "$8.00 per 1ea", "category": "Household"},
{"title": "Que Soft Drink Cola No Sugar 12x300mL | 12 pack", "price": "$6.80", "price_calculation": "$1.89 per 1L", "category": "Drinks"},
{"title": "Sabco Space Saver Handle | 1 each", "price": "$8.00", "price_calculation": "$8.00 per 1ea", "category": "Household"},
{"title": "Nexba Kombucha Elderflower And Lemon 4x330mL | 4 pack", "price": "$6.90", "price_calculation": "$5.23 per 1L", "category": "Drinks"},
{"title": "Pine O Cleen 24Hour Protection Disinfectant Multipurpose Spray Lemon | 500mL", "price": "$8.00", "price_calculation": "$1.60 per 100mL", "category": "Household"},
{"title": "Ribena Blackcurrant Fruit Juice Syrup Bottle | 1L", "price": "$7.00", "price_calculation": "$7.00 per 1L", "category": "Drinks"},
{"title": "My Little Pony Mini World Magic Crystal | 1 each", "price": null, "price_calculation": null, "category": "Household"},
{"title": "Arkadia Chai Tea Low Sugar | 240g", "price": "$7.00", "price_calculation": "$2.92 per 100g", "category": "Drinks"},
{"title": "Mirabella LED Globe GLS Bayonet Cap 11 watt Warm White | 1 each", "price": "$8.25", "price_calculation": "$8.25 per 1ea", "category": "Household"},
{"title": "Nestle Milkybar Hot Chocolate | 10 pack", "price": "$7.00", "price_calculation": "$0.70 per 1ea", "category": "Drinks"},
{"title": "Toolworx 8' Wrench | 1 pack", "price": "$8.25", "price_calculation": "$8.25 per 1ea", "category": "Household"},
{"title": "Sodastream Mount Dew Flavour Mix | 440mL", "price": "$7.00", "price_calculation": "$15.91 per 1L", "category": "Drinks"},
{"title": "Bic Intensity Dual Tip Marker | 6 pack", "price": "$8.40", "price_calculation": null, "category": "Household"},
{"title": "T2 Sleep Tight Tea | 10 pack", "price": "$7.00", "price_calculation": "$0.70 per 1ea", "category": "Drinks"},
{"title": "Sellotape Safety Dispenser Small | 1 each", "price": "$8.40", "price_calculation": "$8.40 per 1ea", "category": "Household"},
{"title": "T2 Relax | 10 pack", "price": "$7.00", "price_calculation": "$0.70 per 1ea", "category": "Drinks"},
{"title": "Bostik Stik It | 2 pack", "price": "$8.40", "price_calculation": "$4.20 per 1ea", "category": "Household"},
{"title": "Lavazza Qualita Oro Ground Coffee | 250g", "price": "$7.35", "price_calculation": "$2.94 per 100g", "category": "Drinks"},
{"title": "Wiltshire Smart Stack Cooling Rack | 1 each", "price": "$8.40", "price_calculation": "$8.40 per 1ea", "category": "Household"},
{"title": "Vittoria Italian Blend Coffee Bags | 20 pack", "price": "$7.50", "price_calculation": "$0.38 per 1ea", "category": "Drinks"},
{"title": "Command Narrow Picture Hanging Strips White | 4 pack", "price": "$8.50", "price_calculation": "$2.13 per 1ea", "category": "Household"},
{"title": "Nescafe Milkybar White Chocolate Mocha Coffee Sachets | 8 pack", "price": "$7.60", "price_calculation": "$0.95 per 1ea", "category": "Drinks"},
{"title": "Bic Intensity Pastel Permanent Markers | 5 pack", "price": "$8.50", "price_calculation": "$1.70 per 1ea", "category": "Household"},
{"title": "Nescafe Creme Brule Latte Coffee Sachets | 10 pack", "price": "$7.60", "price_calculation": "$0.76 per 1ea", "category": "Drinks"},
{"title": "Coles 6 Outlet Powerboard | 1 each", "price": null, "price_calculation": null, "category": "Household"},
{"title": "Chatime Mango Iced Bubble Tea | 4 pack", "price": "$8.00", "price_calculation": "$2.00 per 1ea", "category": "Drinks"},
{"title": "RID Repellent Aerosol Tropical 8Hr | 150g", "price": "$8.50", "price_calculation": "$5.67 per 100g", "category": "Household"},
{"title": "Remedy Organic Kombucha Ginger Lemon Drink Multipack Cans 250mL | 4 pack", "price": "$8.75", "price_calculation": "$8.75 per 1L", "category": "Drinks"},
{"title": "Mix No Shine Opaque Tights 70 Denier | 1 pack", "price": "$9.00", "price_calculation": "$9.00 per 1ea", "category": "Household"},
{"title": "Republica Organic Capsules Sydney | 20 pack", "price": "$9.50", "price_calculation": "$0.48 per 1ea", "category": "Drinks"},
{"title": "Cook & Dine 12 Cup Muffin Tray | 1 each", "price": "$9.00", "price_calculation": "$9.00 per 1ea", "category": "Household"},
{"title": "Republica Organic Melbourne Capsules | 20 pack", "price": "$9.50", "price_calculation": "$0.48 per 1ea", "category": "Drinks"},
{"title": "Mix Luxury Body Shaper Tights 70 Denier Black X-Tall | 1 pack", "price": "$9.00", "price_calculation": "$9.00 per 1ea", "category": "Household"},
{"title": "Ito En Matcha Green Tea Organic Matcha Powder | 12 pack", "price": "$9.75", "price_calculation": "$0.81 per 1ea", "category": "Drinks"},
{"title": "Bic Intensity Fineliners Assorted | 6 pack", "price": "$9.00", "price_calculation": "$1.50 per 1ea", "category": "Household"},
{"title": "Oxfam Fair Ethiopia Blend Ground Coffee | 250g", "price": "$9.75", "price_calculation": "$3.90 per 100g", "category": "Drinks"},
{"title": "Fisher Price Little People Figure | 2 pack", "price": "$9.00", "price_calculation": "$4.50 per 1ea", "category": "Household"},
{"title": "Starbucks White Cafe Latte NDG Capsules | 12 pack", "price": "$10.00", "price_calculation": "$0.83 per 1ea", "category": "Drinks"},
{"title": "Sabco Ultra Grab Duster | 1 each", "price": "$9.00", "price_calculation": "$9.00 per 1ea", "category": "Household"},
{"title": "Nescafe Gold Short Black Strong Instant Coffee | 100g", "price": "$10.50", "price_calculation": "$10.50 per 100g", "category": "Drinks"},
{"title": "Bic Kids Evolution Colouring Pencils | 36 pack", "price": "$9.00", "price_calculation": "$0.25 per 1ea", "category": "Household"},
{"title": "Nescafe 98% Sugar Free Caramel Latte Coffee Sachets 13.5g | 26 pack", "price": "$11.00", "price_calculation": "$0.42 per 1ea", "category": "Drinks"},
{"title": "Command Jumbo Universal Picture Hanger Metal | 1 pack", "price": "$9.00", "price_calculation": "$9.00 per 1ea", "category": "Household"},
{"title": "Nanna's Frozen Apple Crumble | 550g", "price": "$4.00", "price_calculation": "$0.73 per 100g", "category": "Frozen"},
{"title": "Grinders Rich Espresso Ground Coffee | 200g", "price": "$11.00", "price_calculation": "$5.50 per 100g", "category": "Drinks"},
{"title": "Sharpie Gel Metal Black | 2 pack", "price": "$9.00", "price_calculation": "$4.50 per 1ea", "category": "Household"},
{"title": "Connoisseur Classic Vanilla Ice Cream Tub | 1L", "price": "$9.00", "price_calculation": "$0.90 per 100mL", "category": "Frozen"},
{"title": "Lavazza Dek Decaffeinated A Modo Mio Coffee Pods | 16 pack", "price": "$12.50", "price_calculation": "$0.78 per 1ea", "category": "Drinks"},
{"title": "Mr Muscle Disinfectant Spray Air Freshener Garden Breeze | 325g", "price": "$9.00", "price_calculation": "$2.77 per 100g", "category": "Household"},
{"title": "Hershey's Ice Cream Chocolate/Strawberry | 1L", "price": "$9.00", "price_calculation": "$0.90 per 100mL", "category": "Frozen"},
{"title": "Bulla Splits Multi Flavoured Ice Cream Sticks 10 pack | 750mL", "price": "$4.00", "price_calculation": "$0.53 per 100mL", "category": "Frozen"},
{"title": "McCain Pub Style Extra Crispy Fries | 750g", "price": "$4.80", "price_calculation": "$6.40 per 1kg", "category": "Frozen"},
{"title": "KB Frozen Prawn Gyoza | 750g", "price": "$13.60", "price_calculation": "$1.81 per 100g", "category": "Frozen"},
{"title": "Hong Kong Dim Sim BBQ Pork Buns | 300g", "price": "$4.00", "price_calculation": "$1.33 per 100g", "category": "Frozen"},
{"title": "Ben & Jerry's Half Baked Ice Cream Tub | 458mL", "price": "$7.25", "price_calculation": "$1.58 per 100mL", "category": "Frozen"},
{"title": "McCain Beer Batter Potato Chips Frozen Steak Cut | 750g", "price": "$5.30", "price_calculation": "$7.07 per 1kg", "category": "Frozen"},
{"title": "Magnum Ice Cream Mini Classic 6Pack | 360mL", "price": "$8.00", "price_calculation": "$2.22 per 100mL", "category": "Frozen"},
{"title": "Coles Frozen Cauliflower Broccoli Mix | 500g", "price": "$3.40", "price_calculation": "$6.80 per 1kg", "category": "Frozen"},
{"title": "Coles RSPCA Approved Butter Chicken With Long Grain Rice | 375g", "price": "$4.00", "price_calculation": "$1.07 per 100g", "category": "Frozen"},
{"title": "Coles Vanilla Ice Cream Tub | 2L", "price": "$4.50", "price_calculation": "$0.23 per 100mL", "category": "Frozen"},
{"title": "Creative Gourmet Frozen Banana Chunks | 500g", "price": "$5.00", "price_calculation": "$10.00 per 1kg", "category": "Frozen"},
{"title": "Birds Eye Golden Crunch Crinkle Cut Chips | 900g", "price": "$5.80", "price_calculation": "$6.44 per 1kg", "category": "Frozen"},
{"title": "Coles Frozen Mini Beef Dim Sims 15 Pieces | 250g", "price": "$2.30", "price_calculation": "$0.92 per 100g", "category": "Frozen"},
{"title": "Hong Kong Dim Sim Pork Prawn And Mushroom Siu Mai | 300g", "price": "$4.00", "price_calculation": "$1.33 per 100g", "category": "Frozen"},
{"title": "I&J The Finest Frozen Basa Fillets | 1kg", "price": "$9.00", "price_calculation": "$9.00 per 1kg", "category": "Frozen"},
{"title": "Birds Eye Frozen Steam Fresh Carrot Cauliflower & Broccoli 5 pack | 750g", "price": "$5.50", "price_calculation": "$7.33 per 1kg", "category": "Frozen"},
{"title": "Hershey's Cookies & Creme Sticks 4Pack | 360mL", "price": "$9.00", "price_calculation": "$2.50 per 100mL", "category": "Frozen"},
{"title": "Coles Vanilla Ice Cream Sandwich 4 Pack | 440mL", "price": "$3.20", "price_calculation": "$0.73 per 100mL", "category": "Frozen"},
{"title": "Bulla Crunch Double Chocolate Ice Cream Sticks 8 pack | 631mL", "price": "$4.00", "price_calculation": "$0.63 per 100mL", "category": "Frozen"},
{"title": "Peters Light & Creamy French Vanilla Ice Cream Tub | 1.8L", "price": "$6.50", "price_calculation": "$0.36 per 100mL", "category": "Frozen"},
{"title": "Ben & Jerry's Chocolate Fudge Brownie Ice Cream Tub | 458mL", "price": "$7.25", "price_calculation": "$1.58 per 100mL", "category": "Frozen"},
{"title": "Pampas Frozen Puff Pastry Sheets 10 pack | 1.6kg", "price": "$7.30", "price_calculation": "$0.46 per 100g", "category": "Frozen"},
{"title": "Drumstick Boysenberry Ice Cream 4 pack | 475mL", "price": "$9.50", "price_calculation": "$2.00 per 100mL", "category": "Frozen"},
{"title": "Coles Frozen Fruit Mango | 500g", "price": "$6.20", "price_calculation": "$1.24 per 100g", "category": "Frozen"},
{"title": "Coles Frozen Beef Party Pies 24 Pack | 1.1 kg", "price": "$7.50", "price_calculation": "$0.68 per 100g", "category": "Frozen"},
{"title": "Huggies Little Swimmers Swim Nappies Large (14+kg) | 10 pack", "price": "$17.00", "price_calculation": "$1.70 per 1ea", "category": "Baby"},
{"title": "Birds Eye Frozen Chopped Spinach | 250g", "price": "$2.80", "price_calculation": "$11.20 per 1kg", "category": "Frozen"},
{"title": "Tommee Tippee Baby Bottle 260ml 3 Pack Newborn+ | 3 pack", "price": "$17.50", "price_calculation": "$5.83 per 1ea", "category": "Baby"},
{"title": "Coles Vanilla Ice Cream Cones | 475mL", "price": "$3.90", "price_calculation": "$0.82 per 100mL", "category": "Frozen"},
{"title": "Babylove Nappy Pants Size 4 (9-14Kg) | 28 pack", "price": "$20.00", "price_calculation": "$0.71 per 1ea", "category": "Baby"},
{"title": "Nanna's Frozen Blackberry & Apple Pies 4 pack | 450g", "price": "$4.00", "price_calculation": "$0.89 per 100g", "category": "Frozen"},
{"title": "Huggies Ultra Dry Nappy Pants Girls Size 5 (12-17kg) | 26 pack", "price": "$22.00", "price_calculation": "$0.85 per 1ea", "category": "Baby"},
{"title": "Bulla Crunch Multi Flavoured Ice Cream Sticks 8 pack | 631mL", "price": "$4.00", "price_calculation": "$0.63 per 100mL", "category": "Frozen"},
{"title": "B.box Tritan Drink Bottle | 450mL", "price": "$22.50", "price_calculation": "$5.00 per 100mL", "category": "Baby"},
{"title": "Bulla Frozen Variety Minis Yoghurt  14 pack | 506g", "price": "$4.00", "price_calculation": "$0.79 per 100g", "category": "Frozen"},
{"title": "Alula S-26 Formula Gold Stage 4 Milk Drink 2years+ | 900g", "price": "$25.50", "price_calculation": "$2.83 per 100g", "category": "Baby"},
{"title": "Grandma's Golden Wok Chicken Gyoza | 800g", "price": "$19.80", "price_calculation": "$2.48 per 100g", "category": "Frozen"},
{"title": "Nestle NAN Optipro 2 Premium Baby Follow-On Formula Powder From 6 To 12 Months  | 800g", "price": "$27.00", "price_calculation": "$3.38 per 100g", "category": "Baby"},
{"title": "Coles Stir Fry Vegetables | 500g", "price": "$3.40", "price_calculation": "$6.80 per 1kg", "category": "Frozen"},
{"title": "Nestle NAN SUPREMEpro 3 Premium Toddler Milk Drink Powder From 1 year | 800g", "price": "$28.00", "price_calculation": "$3.50 per 100g", "category": "Baby"},
{"title": "Coles Frozen Peas Carrots Cauliflower | 1kg", "price": "$4.50", "price_calculation": "$4.50 per 1kg", "category": "Frozen"},
{"title": "Aptamil Gold+ Lactose Intolerance Baby Infant Formula From Birth to 12 Months  | 900g", "price": "$32.00", "price_calculation": "$3.56 per 100g", "category": "Baby"},
{"title": "Creative Gourmet Frozen Passionfruit Pulp | 300g", "price": "$5.65", "price_calculation": "$18.83 per 1kg", "category": "Frozen"},
{"title": "Bellamy's Organic Step 4 Growing Up Milk | 900g", "price": null, "price_calculation": null, "category": "Baby"},
{"title": "Grandma's Golden Wok Pork Gyoza | 800g", "price": "$19.80", "price_calculation": "$2.48 per 100g", "category": "Frozen"},
{"title": "Bubs Organic Grass Fed Formula Stage 1 | 800g", "price": "$33.00", "price_calculation": "$4.13 per 100g", "category": "Baby"},
{"title": "Coles Boysenberry Ice Cream Cones | 475mL", "price": "$3.90", "price_calculation": "$0.82 per 100mL", "category": "Frozen"},
{"title": "Huggies Ultra Dry Nappies Girls Size 6 (16+kg) | 60 pack", "price": "$40.00", "price_calculation": "$66.67 per 100ea", "category": "Baby"},
{"title": "Steggles Frozen Crumbed Chicken Breast Nuggets | 400g", "price": "$4.95", "price_calculation": "$12.38 per 1kg", "category": "Frozen"},
{"title": "Aptamil Allerpro Syneo Baby Formula Stage 1 | 900g", "price": "$40.00", "price_calculation": "$4.44 per 100g", "category": "Baby"},
{"title": "Birds Eye Snap Frozen Garden Peas | 1kg", "price": "$5.00", "price_calculation": "$5.00 per 1kg", "category": "Frozen"},
{"title": "Huggies Ultra Dry Nappies Boys Size 4 (10-15kg) | 72 pack", "price": "$40.00", "price_calculation": "$55.56 per 100ea", "category": "Baby"},
{"title": "Creative Gourmet Banana Mango Pineapple | 400g", "price": "$5.65", "price_calculation": "$14.13 per 1kg", "category": "Frozen"},
{"title": "Coles Beef With Vegetables 6+ Months | 120g", "price": "$1.00", "price_calculation": "$0.83 per 100g", "category": "Baby"},
{"title": "Coles Irresistible Ice Cream Vanilla Bean | 1L", "price": "$6.50", "price_calculation": "$0.65 per 100mL", "category": "Frozen"},
{"title": "Kiddylicious Veggie Straws | 12g", "price": "$1.70", "price_calculation": "$14.17 per 100g", "category": "Baby"},
{"title": "Coles Snap Frozen Winter Vegetables | 500g", "price": "$3.00", "price_calculation": "$6.00 per 1kg", "category": "Frozen"},
{"title": "Keep It Cleaner Toddler Sweet Corn Puffs | 22g", "price": "$1.76", "price_calculation": "$8.00 per 100g", "category": "Baby"},
{"title": "Dr. Oetker Frozen Ristorante Pepperoni Pizza | 310g", "price": "$6.30", "price_calculation": "$2.03 per 100g", "category": "Frozen"},
{"title": "Mighty Bellies Lentil Puffs Salt & Vinegar Flavoured | 10g", "price": "$2.00", "price_calculation": "$20.00 per 100g", "category": "Baby"},
{"title": "Magnum Ice Cream Almond 4Pack | 428mL", "price": "$8.00", "price_calculation": "$1.87 per 100mL", "category": "Frozen"},
{"title": "Baby Bellies Organic Smoothie Bowl Banana Apple And Oats | 110g", "price": "$2.25", "price_calculation": "$2.05 per 100g", "category": "Baby"},
{"title": "Grandmas Golden Wok Gyozas Prawn | 800g", "price": "$19.80", "price_calculation": "$2.48 per 100g", "category": "Frozen"},
{"title": "Only Organic Cheese Vegetable Lasagne 10+ Months | 170g", "price": "$2.90", "price_calculation": "$1.71 per 100g", "category": "Baby"},
{"title": "Bulla Crunch Vanilla Ice Cream 8 pack | 631mL", "price": "$4.00", "price_calculation": "$0.63 per 100mL", "category": "Frozen"},
{"title": "Johnson & Johnson Baby Soap Twin Pack | 95g", "price": null, "price_calculation": null, "category": "Baby"},
{"title": "Keep It Cleaner Toddler Wheat Free Cereal Vanilla | 225g", "price": "$4.00", "price_calculation": "$1.78 per 100g", "category": "Baby"},
{"title": "Swisspers Baby Organic Cotton Pads | 40 pack", "price": "$5.00", "price_calculation": "$0.13 per 1ea", "category": "Baby"},
{"title": "Travla Mid Strength Lager Can 375mL | 6 Pack", "price": "$12.00", "price_calculation": "$5.33 per 1L", "category": "Liquor"},
{"title": "CUB Super Soft Nursing Pads | 40 pack", "price": "$5.30", "price_calculation": "$0.13 per 1ea", "category": "Baby"},
{"title": "Rock Paper Scissors Pinot Grigio 750mL | 1 Each", "price": "$6.00", "price_calculation": null, "category": "Liquor"},
{"title": "CUB Soft Spout Cup 6+ Months | 1 each", "price": "$6.00", "price_calculation": "$6.00 per 1ea", "category": "Baby"},
{"title": "Grant Burge 5th Gen Barossa Cabernet Merlot 750mL | 1 Each", "price": "$14.00", "price_calculation": "$18.67 per 1L", "category": "Liquor"},
{"title": "CUB Dribble Bandana Bibs | 2 pack", "price": "$6.00", "price_calculation": "$3.00 per 1ea", "category": "Baby"},
{"title": "Jacob's Creek Reserve Chardonnay Pinot Noir 750mL | 1 Each", "price": "$16.00", "price_calculation": "$21.33 per 1L", "category": "Liquor"},
{"title": "Tooshies Biodegrable Nappy Bags | 40 pack", "price": "$6.00", "price_calculation": "$0.15 per 1ea", "category": "Baby"},
{"title": "Yellow Tail Cabernet Sauvignon 750mL | 1 Each", "price": "$10.00", "price_calculation": "$13.33 per 1L", "category": "Liquor"},
{"title": "Tommee Tippee Baby Cherry Latex Dummy 2 Pack 0-6m | 2 pack", "price": "$6.30", "price_calculation": "$3.15 per 1ea", "category": "Baby"},
{"title": "De Bortoli Premium Colombard Chardonnay Cask 4 Litre | 1 Each", "price": "$22.00", "price_calculation": "$5.50 per 1L", "category": "Liquor"},
{"title": "Johnson & Johnson Bedtime Lotion | 200mL", "price": "$6.50", "price_calculation": "$3.25 per 100mL", "category": "Baby"},
{"title": "Brookvale Union Vodka Lemon Squash Can 330mL | 4 Pack", "price": "$24.00", "price_calculation": "$18.18 per 1L", "category": "Liquor"},
{"title": "Johnson's Baby Conditioning Shampoo | 500mL", "price": "$7.50", "price_calculation": "$1.50 per 100mL", "category": "Baby"},
{"title": "Tanqueray Gin 700mL | 1 Each", "price": "$63.00", "price_calculation": "$90.00 per 1L", "category": "Liquor"},
{"title": "Huggies Refillable Baby Wipes Tub | 64 pack", "price": "$8.00", "price_calculation": "$12.50 per 100ea", "category": "Baby"},
{"title": "Tussock Jumper Tempranillo 750mL | 1 Each", "price": "$10.00", "price_calculation": "$13.33 per 1L", "category": "Liquor"},
{"title": "Avent BPA Free Freeflow Soother 18+ Months | 2 pack", "price": "$8.35", "price_calculation": "$4.18 per 1ea", "category": "Baby"},
{"title": "Jameson Irish Whiskey 700mL | 1 Each", "price": "$63.00", "price_calculation": "$90.00 per 1L", "category": "Liquor"},
{"title": "Avent Air Mix Deco Soothers 0-6 Months | 2 pack", "price": "$8.37", "price_calculation": "$4.19 per 1ea", "category": "Baby"},
{"title": "De Bortoli Premium Shiraz 'Pressings' Cask 4 Litre | 1 Each", "price": "$22.00", "price_calculation": "$0.55 per 100mL", "category": "Liquor"},
{"title": "Avent Animal Ultra Air Soothers 0-6 Months | 2 pack", "price": "$8.37", "price_calculation": "$4.19 per 1ea", "category": "Baby"},
{"title": "Jacob's Creek Merlot 750mL | 1 Each", "price": "$10.00", "price_calculation": "$13.33 per 1L", "category": "Liquor"},
{"title": "Tommee Tippee Tommee TippeeFunStyle Baby Dummy 2 Pack 6-18m | 2 pack", "price": "$8.40", "price_calculation": "$4.20 per 1ea", "category": "Baby"},
{"title": "Coopers Sparkling Ale Bottle 375mL | 6 Pack", "price": "$22.00", "price_calculation": "$0.98 per 100mL", "category": "Liquor"},
{"title": "Euky Bear Baby Sniffly Nose Room Spray | 125g", "price": "$8.60", "price_calculation": "$6.88 per 100g", "category": "Baby"},
{"title": "Bombay Sapphire Gin 1L | 1 Each", "price": "$73.00", "price_calculation": "$73.00 per 1L", "category": "Liquor"},
{"title": "B.box Replacement Straw | 1 pack", "price": "$10.00", "price_calculation": "$10.00 per 1ea", "category": "Baby"},
{"title": "Whispers Sparkling Moscato 750mL | 1 Each", "price": "$5.00", "price_calculation": "$6.67 per 1L", "category": "Liquor"},
{"title": "DryNites Disposable Bed Mats | 7 pack", "price": "$11.00", "price_calculation": "$1.57 per 1ea", "category": "Baby"},
{"title": "The Kraken Rum & Cola Bottle 330mL | 4 Pack", "price": "$23.00", "price_calculation": "$17.42 per 1L", "category": "Liquor"},
{"title": "Cetaphil Baby Daily Lotion With Shea Butter | 400mL", "price": "$11.06", "price_calculation": "$2.77 per 100mL", "category": "Baby"},
{"title": "Barossa Valley Wine Co. Gravel Track Shiraz 750mL | 1 Each", "price": "$18.00", "price_calculation": "$24.00 per 1L", "category": "Liquor"},
{"title": "Milton Antibacterial Sterilizer Tablets | 30 pack", "price": "$11.50", "price_calculation": "$0.38 per 1ea", "category": "Baby"},
{"title": "Tooheys Extra Dry Can 375mL | 8 Pack", "price": "$20.00", "price_calculation": "$6.67 per 1L", "category": "Liquor"},
{"title": "Aveeno Baby Lightly Scented Wash & Shampoo | 236mL", "price": "$12.50", "price_calculation": "$5.30 per 100mL", "category": "Baby"},
{"title": "Zilzie Estate Merlot 750mL | 1 Each", "price": "$7.00", "price_calculation": "$9.33 per 1L", "category": "Liquor"},
{"title": "B.box Wrist Teether | 1 each", "price": "$13.00", "price_calculation": "$13.00 per 1ea", "category": "Baby"},
{"title": "The Ned Rose 750mL | 1 Each", "price": "$20.00", "price_calculation": "$26.67 per 1L", "category": "Liquor"},
{"title": "Roku Gin 700mL | 1 Each", "price": "$62.00", "price_calculation": "$88.57 per 1L", "category": "Liquor"},
{"title": "Lindemans Bin 40 Merlot 750mL | 1 Each", "price": "$8.00", "price_calculation": "$10.67 per 1L", "category": "Liquor"},
{"title": "Smithy's Mid Strength Bottle 330mL | 24 Pack", "price": "$37.00", "price_calculation": "$4.67 per 1L", "category": "Liquor"},
{"title": "BRITE BLONDE BRITE BLONDE ULTRA LOW CA", "price": null, "price_calculation": null, "category": "Liquor"},
{"title": "Selaks Taste Collection Velvety Pinot Noir 750mL | 1 Each", "price": "$13.00", "price_calculation": "$17.33 per 1L", "category": "Liquor"},
{"title": "Coopers Pale Ale Can 375mL | 6 Pack", "price": "$20.00", "price_calculation": "$0.89 per 100mL", "category": "Liquor"},
{"title": "Banrock Station Cabernet Merlot Cask 2L | 1 Each", "price": "$12.00", "price_calculation": "$6.00 per 1L", "category": "Liquor"},
{"title": "Cassidy Cream Liqueur 750mL | 1 Each", "price": "$16.00", "price_calculation": "$21.33 per 1L", "category": "Liquor"},
{"title": "White Claw Hard Seltzer Watermelon 330mL | 4 Pack", "price": "$19.00", "price_calculation": "$14.39 per 1L", "category": "Liquor"},
{"title": "White Claw Hard Seltzer Natural Lime 330mL | 4 Pack", "price": "$19.00", "price_calculation": "$14.39 per 1L", "category": "Liquor"},
{"title": "Yellow Tail Sauvignon Blanc 750mL | 1 Each", "price": "$10.00", "price_calculation": "$13.33 per 1L", "category": "Liquor"},
{"title": "Beyond the Wilderness Pinot Noir 750mL | 1 Each", "price": "$20.00", "price_calculation": "$26.67 per 1L", "category": "Liquor"},
{"title": "White Claw Hard Seltzer Mango 330mL | 4 Pack", "price": "$19.00", "price_calculation": "$14.39 per 1L", "category": "Liquor"},
{"title": "Amalfi Lager Bottle 330mL | 6 Pack", "price": "$13.00", "price_calculation": "$6.57 per 1L", "category": "Liquor"},
{"title": "Pablo & Pedro Tempranillo 750mL | 1 Each", "price": "$8.00", "price_calculation": "$10.67 per 1L", "category": "Liquor"},
{"title": "St Huberts The Stag Pinot Noir 750mL | 1 Each", "price": "$15.00", "price_calculation": "$20.00 per 1L", "category": "Liquor"},
{"title": "Lachlan Ridge Pinot Grigio Cask 2 Litre | 1 Each", "price": "$8.00", "price_calculation": "$4.00 per 1L", "category": "Liquor"},
{"title": "Kirin Ichiban Bottle 330mL | 6 Pack", "price": "$17.00", "price_calculation": null, "category": "Liquor"},
{"title": "Hardys Tintara Mclaren Vale Cabernet Sauvignon 750mL | 1 Each", "price": "$30.00", "price_calculation": "$40.00 per 1L", "category": "Liquor"},
{"title": "Winesmiths Premium Selection Cabernet Sauvignon 2 Litre | 1 Each", "price": "$16.00", "price_calculation": "$8.00 per 1L", "category": "Liquor"},
{"title": "Daybreak Soft Dry Red Cask 5L | 1 Each", "price": null, "price_calculation": null, "category": "Liquor"},
{"title": "Carlton Draught Rack Pack Bottle 750mL | 3 Pack", "price": "$18.50", "price_calculation": "$8.22 per 1L", "category": "Liquor"},
{"title": "Iron Jack Block Can 375mL | 30 Pack", "price": "$52.00", "price_calculation": "$0.46 per 100mL", "category": "Liquor"},
{"title": "Lipton Peach Ice Tea | 1.5L", "price": "$2.90", "price_calculation": "$1.93 per 1L", "category": "Drinks"},
{"title": "Golden Circle Mango Nectar | 2L", "price": "$3.50", "price_calculation": "$1.75 per 1L", "category": "Drinks"},
{"title": "Cadbury Drinking Chocolate | 450g", "price": "$6.00", "price_calculation": "$1.33 per 100g", "category": "Drinks"},
{"title": "Moccona Classic Medium Roast Instant Coffee | 400g", "price": "$18.00", "price_calculation": "$4.50 per 100g", "category": "Drinks"},
{"title": "Solo Zero Sugar Extreme Lemon Soft Drink Bottle | 1.25L", "price": "$1.70", "price_calculation": "$1.36 per 1L", "category": "Drinks"},
{"title": "Pepsi Max Multipack Cans 375mL | 10 pack", "price": "$7.50", "price_calculation": "$2.00 per 1L", "category": "Drinks"},
{"title": "Devondale Full Cream Long Life Milk 6 pack | 1.2L", "price": "$6.00", "price_calculation": "$5.00 per 1L", "category": "Drinks"},
{"title": "Coca-Cola Zero Sugar Soft Drink Multipack Cans 24x375mL | 24 pack", "price": "$20.00", "price_calculation": "$2.22 per 1L", "category": "Drinks"},
{"title": "Coles Soft Drink Lemonade | 1.25L", "price": "$0.90", "price_calculation": "$0.72 per 1L", "category": "Drinks"},
{"title": "Coca-Cola Classic Soft Drink Can | 250mL", "price": "$1.80", "price_calculation": "$7.20 per 1L", "category": "Drinks"},
{"title": "Nestle Milo Chocolate Malt Powder Drink | 460g", "price": "$9.40", "price_calculation": "$2.04 per 100g", "category": "Drinks"},
{"title": "Pepsi Cola Soft Drink Bottle | 1.25L", "price": "$1.70", "price_calculation": "$1.36 per 1L", "category": "Drinks"},
{"title": "Solo Lemon Soft Drink | 1.25L", "price": "$1.70", "price_calculation": "$1.36 per 1L", "category": "Drinks"},
{"title": "Golden Circle 100% Apple Juice No Added Sugar Fruit Juice | 2L", "price": "$3.50", "price_calculation": "$1.75 per 1L", "category": "Drinks"},
{"title": "Nescafe Blend 43 Instant Coffee | 150g", "price": "$5.75", "price_calculation": "$3.83 per 100g", "category": "Drinks"},
{"title": "Sunkist Orange Crush | 1.25L", "price": "$1.70", "price_calculation": "$1.36 per 1L", "category": "Drinks"},
{"title": "Pauls Zymil Full Cream Long Life Milk | 1L", "price": "$3.00", "price_calculation": "$3.00 per 1L", "category": "Drinks"},
{"title": "Lipton Peach Ice Tea | 500mL", "price": "$2.85", "price_calculation": "$5.70 per 1L", "category": "Drinks"},
{"title": "Daily Juice No Added Sugar Orange Juice | 2L", "price": "$5.00", "price_calculation": "$2.50 per 1L", "category": "Drinks"},
{"title": "Red Bull Energy Drink 4X250mL | 4 pack", "price": "$11.25", "price_calculation": "$11.25 per 1L", "category": "Drinks"},
{"title": "Devondale Semi Skim Long Life Milk | 1L", "price": "$2.20", "price_calculation": "$2.20 per 1L", "category": "Drinks"},
{"title": "Monster Green Can Energy Drink  | 500mL", "price": "$2.55", "price_calculation": "$5.10 per 1L", "category": "Drinks"},
{"title": "Coca-Cola Zero Sugar Soft Drink Can | 250mL", "price": "$1.80", "price_calculation": "$7.20 per 1L", "category": "Drinks"},
{"title": "Devondale Moo Chocolate Flavoured Multipack Milk 200mL | 6 pack", "price": "$5.90", "price_calculation": "$4.92 per 1L", "category": "Drinks"},
{"title": "Original Juice Co. Black Label Chilled Orange Juice | 1.5L", "price": "$6.00", "price_calculation": "$4.00 per 1L", "category": "Drinks"},
{"title": "Schweppes Mixers Lemon Lime Bitters Soda | 1.1L", "price": "$1.50", "price_calculation": "$1.36 per 1L", "category": "Drinks"},
{"title": "Schweppes Soft Drink Lemonade | 1.1L", "price": "$1.50", "price_calculation": "$1.36 per 1L", "category": "Drinks"},
{"title": "Monster Energy Ultra Can | 500mL", "price": "$2.55", "price_calculation": "$5.10 per 1L", "category": "Drinks"},
{"title": "Coca-Cola Zero Sugar Soft Drink Multipack Mini Cans 6x250mL | 6 pack", "price": "$5.80", "price_calculation": "$3.87 per 1L", "category": "Drinks"},
{"title": "Bundaberg Brewed Drink Ginger Beer 4x375mL | 4 pack", "price": "$6.45", "price_calculation": "$4.30 per 1L", "category": "Drinks"},
{"title": "Schweppes Mixers Tonic Water | 1.1L", "price": "$1.50", "price_calculation": "$1.36 per 1L", "category": "Drinks"},
{"title": "Que Cola Soft Drink | 1.25L", "price": "$0.90", "price_calculation": "$0.72 per 1L", "category": "Drinks"},
{"title": "Coles Multi Vitamin Juice | 2L", "price": "$2.80", "price_calculation": "$1.40 per 1L", "category": "Drinks"},
{"title": "Red Bull Energy Drink Can | 473mL", "price": "$4.90", "price_calculation": "$10.36 per 1L", "category": "Drinks"},
{"title": "Just Juice Apple Juice Multipack 200mL | 6 pack", "price": "$5.20", "price_calculation": "$4.33 per 1L", "category": "Drinks"},
{"title": "Coles Spring Water 8x1.5L | 8 pack", "price": "$5.90", "price_calculation": "$0.49 per 1L", "category": "Drinks"},
{"title": "Sprite Lemonade Soft Drink Bottle  | 2L", "price": "$3.00", "price_calculation": "$1.50 per 1L", "category": "Drinks"},
{"title": "Coca-Cola Classic Soft Drink Multipack Bottles 12 x 300mL | 12 pack", "price": "$9.10", "price_calculation": "$2.53 per 1L", "category": "Drinks"},
{"title": "Pepsi Sunkist Sugar Free Diet Orange Crush | 1.25L", "price": "$1.70", "price_calculation": "$1.36 per 1L", "category": "Drinks"},
{"title": "Primo Streaky Bacon | approx 100g", "price": "$1.70", "price_calculation": "$17.00 per 1kg", "category": "Deli"},
{"title": "Hans Mild Twiggy Sticks | 500g", "price": "$10.00", "price_calculation": "$20.00 per 1kg", "category": "Deli"},
{"title": "Coles Canola Oil | 750mL", "price": "$3.95", "price_calculation": "$0.53 per 100mL", "category": "Pantry"},
{"title": "Coles Australian Made Champagne Ham | approx 125g", "price": "$2.38", "price_calculation": "$19.00 per 1kg", "category": "Deli"},
{"title": "Coles Italian Tomato Paste | 140g", "price": "$0.90", "price_calculation": "$0.64 per 100g", "category": "Pantry"},
{"title": "Coles Deli Roast Beef | approx 100g", "price": "$3.50", "price_calculation": "$35.00 per 1kg", "category": "Deli"},
{"title": "Coles Durum Wheat Pasta Large Spirals | 500g", "price": "$1.00", "price_calculation": "$0.20 per 100g", "category": "Pantry"},
{"title": "Coles Ham Off The Bone | approx 100g", "price": "$3.60", "price_calculation": "$36.00 per 1kg", "category": "Deli"},
{"title": "Loacker Quadratini Bite Size Hazelnut Wafers | 125g", "price": "$1.90", "price_calculation": "$1.52 per 100g", "category": "Pantry"},
{"title": "Don English Style Sliced Ham | 200g", "price": "$3.20", "price_calculation": "$16.00 per 1kg", "category": "Deli"},
{"title": "TCC Coconut Milk | 400mL", "price": "$2.30", "price_calculation": "$0.58 per 100mL", "category": "Pantry"},
{"title": "Coles Deli Express Mediterranean Olives | 130g", "price": "$3.50", "price_calculation": "$26.92 per 1kg", "category": "Deli"},
{"title": "Arnott's Vita-Weat 9 Grain Mgrain Crispbread | 250g", "price": "$2.50", "price_calculation": "$1.00 per 100g", "category": "Pantry"},
{"title": "Don Deli Strasburg | approx 100g", "price": "$1.90", "price_calculation": "$19.00 per 1kg", "category": "Deli"},
{"title": "Sunrice Long Grain Brown Rice Cup 2 pack | 250g", "price": "$2.40", "price_calculation": "$0.96 per 100g", "category": "Pantry"},
{"title": "Hans Mild Twiggy Sticks | approx 100g", "price": "$2.35", "price_calculation": "$23.50 per 1kg", "category": "Deli"},
{"title": "Coles Pasta Penne | 500g", "price": "$0.90", "price_calculation": "$0.18 per 100g", "category": "Pantry"},
{"title": "Bertocchi Hot Soppressa Salami | approx 125g", "price": "$3.62", "price_calculation": "$29.00 per 1kg", "category": "Deli"},
{"title": "Coles White Self Raising Flour | 1kg", "price": "$1.25", "price_calculation": "$1.25 per 1kg", "category": "Pantry"},
{"title": "Wonder White Bread + Vitamins & Mineral | 700g", "price": "$4.40", "price_calculation": "$0.63 per 100g", "category": "Deli"},
{"title": "Coles Squeezy Sauce Tomato | 500mL", "price": "$1.80", "price_calculation": "$0.36 per 100mL", "category": "Pantry"},
{"title": "Riverview Farms Hot Roast Pork | 1 each", "price": "$20.00", "price_calculation": "$20.00 per 1ea", "category": "Deli"},
{"title": "Nestle KitKat Milk Chocolate Value Share Pack 18 pieces | 306g", "price": "$6.00", "price_calculation": null, "category": "Pantry"},
{"title": "Primo Traditional Bacon Pieces | approx 100g", "price": "$1.30", "price_calculation": "$13.00 per 1kg", "category": "Deli"},
{"title": "Twinings English Breakfast Tea Bags 100 pack | 200g", "price": "$13.50", "price_calculation": "$0.14 per 1ea", "category": "Pantry"},
{"title": "Coles RSPCA Approved Southern Hot Roast Chicken | 1 each", "price": "$13.00", "price_calculation": "$13.00 per 1ea", "category": "Deli"},
{"title": "Coles Tomato Salsa Mild | 300g", "price": "$1.50", "price_calculation": "$0.50 per 100g", "category": "Pantry"},
{"title": "Don Double Smoked Leg Ham | 200g", "price": "$3.20", "price_calculation": "$16.00 per 1kg", "category": "Deli"},
{"title": "Coles Raw Sugar | 2 kg", "price": "$3.20", "price_calculation": "$0.16 per 100g", "category": "Pantry"},
{"title": "Coles Deli Thawed Cooked Prawn Plate Small | 200g", "price": "$10.30", "price_calculation": "$51.50 per 1kg", "category": "Deli"},
{"title": "Cadbury Dairy Milk Caramello Koala Chocolate Sharepack | 180g", "price": "$3.50", "price_calculation": "$1.94 per 100g", "category": "Pantry"},
{"title": "Thomson's Deli Short Cut Bacon | 200g", "price": "$3.80", "price_calculation": "$19.00 per 1kg", "category": "Deli"},
{"title": "S & B Golden Curry Mild Curry Sauce Mix | 92g", "price": "$4.00", "price_calculation": "$4.35 per 100g", "category": "Pantry"},
{"title": "Coles Deli Fromager D'Affinois | approx200g", "price": "$12.00", "price_calculation": "$60.00 per 1kg", "category": "Deli"},
{"title": "La Espanola Extra Virgin Olive Oil | 1L", "price": "$10.00", "price_calculation": "$1.00 per 100mL", "category": "Pantry"},
{"title": "Barkly Grandmother Full Leg Ham | approx 100g", "price": "$3.90", "price_calculation": "$39.00 per 1kg", "category": "Deli"},
{"title": "Coles Cornflour | 300g", "price": "$1.35", "price_calculation": "$4.50 per 1kg", "category": "Pantry"},
{"title": "Coles RSPCA Approved BBQ Roasted Chicken Breast | approx 100g", "price": "$2.65", "price_calculation": "$26.50 per 1kg", "category": "Deli"},
{"title": "Twisties Cheese Party Size Bag Sharepack | 270g", "price": "$4.00", "price_calculation": "$1.48 per 100g", "category": "Pantry"},
{"title": "Coles Deli Express Split Green Olives | 110g", "price": "$3.50", "price_calculation": "$31.82 per 1kg", "category": "Deli"},
{"title": "St Dalfour Strawberry Spread | 284g", "price": "$5.70", "price_calculation": "$2.01 per 100g", "category": "Pantry"},
{"title": "Primo Short Cut Bacon | 200g", "price": "$5.00", "price_calculation": "$25.00 per 1kg", "category": "Deli"},
{"title": "Nutella Biscuits | 193g", "price": "$6.00", "price_calculation": "$3.11 per 100g", "category": "Pantry"},
{"title": "Thomson's Deli Chicken Loaf | approx 100g", "price": "$1.50", "price_calculation": "$15.00 per 1kg", "category": "Deli"},
{"title": "Eclipse Peppermint Sugar Free Mints Tin | 40g", "price": "$3.50", "price_calculation": "$8.75 per 100g", "category": "Pantry"},
{"title": "Don Honey Leg Ham | 200g", "price": "$3.20", "price_calculation": "$16.00 per 1kg", "category": "Deli"},
{"title": "Capilano Pure Honey Squeeze | 500g", "price": "$6.80", "price_calculation": "$1.36 per 100g", "category": "Pantry"},
{"title": "Coles Deli Pastrami | approx 100g", "price": "$2.50", "price_calculation": "$25.00 per 1kg", "category": "Deli"},
{"title": "Sanitarium Up&Go Liquid Breakfast Protein Energize Choc Fridge Pack 12X250mL | 3L", "price": "$14.50", "price_calculation": "$4.83 per 1L", "category": "Pantry"},
{"title": "Coles Giant Pitted Kalamata Olives | approx 100g", "price": "$2.00", "price_calculation": "$20.00 per 1kg", "category": "Deli"},
{"title": "Ardmona Diced Tomatoes | 400g", "price": "$1.80", "price_calculation": "$4.50 per 1kg", "category": "Pantry"},
{"title": "Hans Hot Twiggy Sticks | 500g", "price": "$10.00", "price_calculation": "$20.00 per 1kg", "category": "Deli"},
{"title": "Kinder Chocolate 16 Treat Share Bag | 200g", "price": "$3.00", "price_calculation": "$1.50 per 100g", "category": "Pantry"},
{"title": "Primo Dairy Short Cut Rindless Bacon | 750g", "price": "$11.00", "price_calculation": "$14.67 per 1kg", "category": "Deli"},
{"title": "Cadbury Breakaway Milk Chocolate Biscuit | 180g", "price": "$2.00", "price_calculation": "$1.11 per 100g", "category": "Pantry"},
{"title": "Coles Honey Sliced Ham Sow Stall Free | 100g", "price": "$2.30", "price_calculation": "$23.00 per 1kg", "category": "Deli"},
{"title": "Coles Wafer Crackers | 100g", "price": "$2.00", "price_calculation": "$2.00 per 100g", "category": "Pantry"},
{"title": "Thomson's Deli Cocktail Franks | 500g", "price": "$2.50", "price_calculation": "$5.00 per 1kg", "category": "Deli"},
{"title": "Peckish Original Rice Crackers | 100g", "price": "$2.50", "price_calculation": "$2.50 per 100g", "category": "Pantry"},
{"title": "Bertocchi Soppressa Extra Hot Chilli | approx100g", "price": "$2.90", "price_calculation": "$29.00 per 1kg", "category": "Deli"},
{"title": "Moccona Classic Medium Roast Instant Coffee | 400g", "price": "$18.00", "price_calculation": "$4.50 per 100g", "category": "Pantry"},
{"title": "Don Mild Hungarian Salami | 160g", "price": "$3.20", "price_calculation": "$20.00 per 1kg", "category": "Deli"},
{"title": "Barilla Pasta Penne Rigati  | 500g", "price": "$2.80", "price_calculation": "$0.56 per 100g", "category": "Pantry"},
{"title": "Primo Thin Frankfurt | 1kg", "price": "$7.40", "price_calculation": "$7.40 per 1kg", "category": "Deli"},
{"title": "Coles Quick Oats | 900g", "price": "$1.65", "price_calculation": "$0.18 per 100g", "category": "Pantry"},
{"title": "Coles Deli RSPCA Approved Chicken Breast Kebab Honey Soy | 1 each", "price": "$1.10", "price_calculation": "$1.10 per 1ea", "category": "Deli"},
{"title": "Nestle Milkybar White Chocolate Block | 180g", "price": "$2.75", "price_calculation": "$1.53 per 100g", "category": "Pantry"},
{"title": "Thomson's Deli Thin Franks | 500g", "price": "$2.50", "price_calculation": "$5.00 per 1kg", "category": "Deli"},
{"title": "Sirena Tuna in Oil Italian Style | 95g", "price": "$2.95", "price_calculation": "$31.05 per 1kg", "category": "Pantry"},
{"title": "Coles Mild Chorizo Salami | approx 100g", "price": "$3.70", "price_calculation": "$37.00 per 1kg", "category": "Deli"},
{"title": "Coles Durum Wheat Pasta Spaghetti | 500g", "price": "$1.00", "price_calculation": "$0.20 per 100g", "category": "Pantry"},
{"title": "Petite Cuisine Hash Brown | 1 each", "price": "$1.00", "price_calculation": "$1.00 per 1ea", "category": "Deli"},
{"title": "Burger Rings Snacks | 90g", "price": "$2.70", "price_calculation": "$3.00 per 100g", "category": "Pantry"},
{"title": "Primo Thin Frankfurts | approx 100g", "price": "$0.73", "price_calculation": "$7.30 per 1kg", "category": "Deli"},
{"title": "Nestle Aero Peppermint Chocolate Block | 118g", "price": "$2.75", "price_calculation": "$2.33 per 100g", "category": "Pantry"},
{"title": "Tibaldi Ham Off The Bone | 120g", "price": "$5.00", "price_calculation": "$41.67 per 1kg", "category": "Deli"},
{"title": "Devondale Full Cream Long Life Milk 6 pack | 1.2L", "price": "$6.00", "price_calculation": "$5.00 per 1L", "category": "Pantry"},
{"title": "Hans American Hot Dog Franks | 375g", "price": "$6.30", "price_calculation": "$16.80 per 1kg", "category": "Deli"},
{"title": "Oreo Double Stuff Neapolitan Cookies | 131g", "price": "$1.75", "price_calculation": "$1.34 per 100g", "category": "Pantry"},
{"title": "Coles Deli Mediterranean Olives | approx 100g", "price": "$2.20", "price_calculation": "$22.00 per 1kg", "category": "Deli"},
{"title": "Cadbury Dairy Milk Chunky Chocolate Bar | 50g", "price": "$1.00", "price_calculation": "$2.00 per 100g", "category": "Pantry"},
{"title": "Bertocchi Mild Soppressa Salami | approx 125g", "price": "$3.62", "price_calculation": "$29.00 per 1kg", "category": "Deli"},
{"title": "Twix Milk Chocolate Bar with Caramel Biscuit | 50g", "price": "$2.00", "price_calculation": "$4.00 per 100g", "category": "Pantry"},
{"title": "Coles Sweet Potato Cottage Pie | 375g", "price": "$4.00", "price_calculation": "$1.07 per 100g", "category": "Frozen"},
{"title": "On The Menu Frozen Cheese Burger | 161g", "price": "$4.50", "price_calculation": "$2.80 per 100g", "category": "Frozen"},
{"title": "Coles Spicy Chilli Tuna | 95g", "price": "$1.10", "price_calculation": "$11.58 per 1kg", "category": "Pantry"},
{"title": "Birds Eye Snap Frozen Broccoli Florets | 500g", "price": "$4.50", "price_calculation": "$9.00 per 1kg", "category": "Frozen"},
{"title": "Coles Passata Tomato & Basil | 700g", "price": "$1.95", "price_calculation": "$0.28 per 100g", "category": "Pantry"},
{"title": "Temptation Frozen Premium Tasty Cheese & Bacon Quiches 2 pack | 280g", "price": "$5.00", "price_calculation": "$1.79 per 100g", "category": "Frozen"},
{"title": "Captain's Table Classic Water Crackers | 125g", "price": "$1.40", "price_calculation": "$1.12 per 100g", "category": "Pantry"},
{"title": "Coles Mini Potato Kiev Balls With Cheesy Garlic | 240g", "price": "$5.00", "price_calculation": "$2.08 per 100g", "category": "Frozen"},
{"title": "Coles Pesto Basil | 190g", "price": "$1.95", "price_calculation": "$1.03 per 100g", "category": "Pantry"},
{"title": "McCain Frozen Healthy Choice Lemon Chicken | 350g", "price": "$5.00", "price_calculation": "$1.43 per 100g", "category": "Frozen"},
{"title": "Arnott's Milk Arrowroot Plain Biscuits | 250g", "price": "$2.00", "price_calculation": "$0.80 per 100g", "category": "Pantry"},
{"title": "Fry's Frozen Meat Free Sausage Rolls 4 Pieces | 400g", "price": "$5.20", "price_calculation": "$1.30 per 100g", "category": "Frozen"},
{"title": "Coles Cheese Supreme Corn Chips | 200g", "price": "$2.30", "price_calculation": "$1.15 per 100g", "category": "Pantry"},
{"title": "Creative Gourmet Frozen Avocado Slices | 250g", "price": "$5.65", "price_calculation": "$2.26 per 100g", "category": "Frozen"},
{"title": "Nestle Block Chocolate Aero Orange | 118g", "price": "$2.75", "price_calculation": "$2.33 per 100g", "category": "Pantry"},
{"title": "McCain Red Box Plated Herb & Parmesan Chicken Schnitzel | 310g", "price": "$6.00", "price_calculation": "$1.94 per 100g", "category": "Frozen"},
{"title": "Arnott's Family Favourites Assorted Biscuits | 500g", "price": "$4.50", "price_calculation": "$0.90 per 100g", "category": "Pantry"},
{"title": "Pampas Frozen Pastry Puff | 550g", "price": "$6.00", "price_calculation": "$1.09 per 100g", "category": "Frozen"},
{"title": "Red Rock Deli Sweet Chilli & Sour Cream Potato Chips | 290g", "price": "$6.00", "price_calculation": "$2.07 per 100g", "category": "Pantry"},
{"title": "Coles Spinach Feta & Ricotta Roll | 450g", "price": "$6.10", "price_calculation": "$1.36 per 100g", "category": "Frozen"},
{"title": "Coles Tuna Chunks in Springwater | 95g", "price": "$1.10", "price_calculation": "$11.58 per 1kg", "category": "Pantry"},
{"title": "Birds Eye Snap Frozen Mixed Vegetables | 1 kg", "price": "$6.50", "price_calculation": "$6.50 per 1kg", "category": "Frozen"},
{"title": "Lifesavers Bananas                                                                                                                          | 160g", "price": "$2.00", "price_calculation": "$1.25 per 100g", "category": "Pantry"},
{"title": "On The Menu Slow Cooked Lamb Plated Meals | 320g", "price": "$7.00", "price_calculation": "$2.19 per 100g", "category": "Frozen"},
{"title": "Barilla Pasta Risoni  | 500g", "price": "$2.80", "price_calculation": "$0.56 per 100g", "category": "Pantry"},
{"title": "Coles Frozen Buttermilk Chicken Tenders | 400g", "price": "$7.00", "price_calculation": "$17.50 per 1kg", "category": "Frozen"},
{"title": "Cheezels Original Cheese Snacks | 125g", "price": "$3.25", "price_calculation": "$2.60 per 100g", "category": "Pantry"},
{"title": "Streets Blue Ribbon Light Vanilla Ice Cream Tub | 2L", "price": "$7.00", "price_calculation": "$0.35 per 100mL", "category": "Frozen"},
{"title": "MasterChef BarbeRue Sauce | 375mL", "price": "$5.00", "price_calculation": "$1.33 per 100mL", "category": "Pantry"},
{"title": "Ben & Jerry's Non Dairy Choc Chip Cookie Dough | 458mL", "price": "$7.25", "price_calculation": "$1.58 per 100mL", "category": "Frozen"},
{"title": "Doritos Cheese Supreme Corn Chips Sharepack | 380g", "price": "$6.00", "price_calculation": "$1.58 per 100g", "category": "Pantry"},
{"title": "KB's Classic Crumb Whiting Fillets | 450g", "price": "$7.50", "price_calculation": "$16.67 per 1kg", "category": "Frozen"},
{"title": "Cadbury Crunchie Chocolate bar | 50g", "price": "$1.00", "price_calculation": "$2.00 per 100g", "category": "Pantry"},
{"title": "Birds Eye Cauliflower Cheese | 600g", "price": "$7.60", "price_calculation": "$12.67 per 1kg", "category": "Frozen"},
{"title": "Whittakers Peanut Chocolate Slab | 50g", "price": "$1.00", "price_calculation": "$2.00 per 100g", "category": "Pantry"},
{"title": "Hanabi White Clams Whole | 1 kg", "price": "$7.90", "price_calculation": "$7.90 per 1kg", "category": "Frozen"},
{"title": "Doritos Mild Salsa Dips | 300g", "price": "$2.75", "price_calculation": "$0.92 per 100g", "category": "Pantry"},
{"title": "Magnum Ice Cream Peppermint 4Pack | 428mL", "price": "$8.00", "price_calculation": "$1.87 per 100mL", "category": "Frozen"},
{"title": "Mutti Tomato Passata | 700g", "price": "$3.30", "price_calculation": "$0.47 per 100g", "category": "Pantry"},
{"title": "McCain Frozen Supreme Family Pizza | 500g", "price": "$8.50", "price_calculation": "$1.70 per 100g", "category": "Frozen"},
{"title": "Coles Tuna Sweet Chilli | 95g", "price": "$1.10", "price_calculation": "$11.58 per 1kg", "category": "Pantry"},
{"title": "Core Power Foods Bangers And Mash | 350g", "price": "$9.00", "price_calculation": "$2.57 per 100g", "category": "Frozen"},
{"title": "Zafarelli Spaghetti No 4 | 500g", "price": "$1.85", "price_calculation": "$0.37 per 100g", "category": "Pantry"},
{"title": "Herbert Adams Frozen Gourmet King Island Beef In Rich Gravy Pie  2 pack | 420g", "price": "$9.00", "price_calculation": "$2.14 per 100g", "category": "Frozen"},
{"title": "Lifesavers Stix Sherbert Fizz Mixed | 220g", "price": "$2.00", "price_calculation": "$0.91 per 100g", "category": "Pantry"},
{"title": "Core Powerfoods BBQ Mixed Grill | 350g", "price": "$9.00", "price_calculation": "$2.57 per 100g", "category": "Frozen"},
{"title": "Nutella T3 Cream Biscuits | 42g", "price": "$2.50", "price_calculation": "$5.95 per 100g", "category": "Pantry"},
{"title": "Streets Calippo Mini Ice Raspberry Pineapple Ice Cream 10 pack | 575mL", "price": "$9.00", "price_calculation": "$1.57 per 100mL", "category": "Frozen"},
{"title": "Arnott's Shapes Savoury Cracker Biscuits | 185g", "price": "$2.75", "price_calculation": "$1.49 per 100g", "category": "Pantry"},
{"title": "KB's Seafood Marinated Basa Fillet | 260g", "price": "$10.00", "price_calculation": "$38.46 per 1kg", "category": "Frozen"},
{"title": "Kettle Potato Chips Honey Baked Ham | 150g", "price": "$3.00", "price_calculation": "$2.00 per 100g", "category": "Pantry"},
{"title": "Why Meat Mini Potato Cake Original | 750g", "price": "$11.50", "price_calculation": "$15.33 per 1kg", "category": "Frozen"},
{"title": "Extra Peppermint Sugar Free Chewing Gum 3x27g | 81g", "price": "$4.50", "price_calculation": "$5.56 per 100g", "category": "Pantry"},
{"title": "Birds Eye Snap Frozen Vegetable Peas Corn | 500g", "price": "$4.00", "price_calculation": "$8.00 per 1kg", "category": "Frozen"},
{"title": "Vegemite Spread | 220g", "price": "$4.70", "price_calculation": "$2.14 per 100g", "category": "Pantry"},
{"title": "Coles Frozen Chocolate Lava Cake 2 pack | 180g", "price": "$4.20", "price_calculation": "$2.33 per 100g", "category": "Frozen"},
{"title": "Bonne Maman Strawberry Jam | 370g", "price": "$5.35", "price_calculation": "$1.45 per 100g", "category": "Pantry"},
{"title": "McCain Frozen Healthy Choice Chinese Chicken With Cashews | 280g", "price": "$5.00", "price_calculation": "$1.79 per 100g", "category": "Frozen"},
{"title": "Coles Seaweed Rice Crackers | 100g", "price": "$0.90", "price_calculation": "$0.90 per 100g", "category": "Pantry"},
{"title": "Pampas Frozen Lemon Meringue Pies 4 pack | 400g", "price": "$5.80", "price_calculation": "$1.45 per 100g", "category": "Frozen"},
{"title": "Coles Table Salt | 1kg", "price": "$2.00", "price_calculation": "$0.02 per 10g", "category": "Pantry"},
{"title": "Super Nature Frozen Super Green Chickpea Curry with Quinoa  and Brown Rice Wellness Bowl | 350g", "price": "$6.00", "price_calculation": "$1.71 per 100g", "category": "Frozen"},
{"title": "Extra Peppermint Sugar Free Chewing Gum | 27g", "price": "$2.20", "price_calculation": "$8.15 per 100g", "category": "Pantry"},
{"title": "Borg's Pastizzi Spinach Ricotta | 625g", "price": "$6.50", "price_calculation": "$1.04 per 100g", "category": "Frozen"},
{"title": "Barilla Pasta Fusilli  | 500g", "price": "$2.80", "price_calculation": "$0.56 per 100g", "category": "Pantry"},
{"title": "Streets Blue Ribbon Cookies & Cream Ice cream tub | 2L", "price": "$7.00", "price_calculation": "$0.35 per 100mL", "category": "Frozen"},
{"title": "The Natural Confectionery Co. Snakes Lollies | 230g", "price": "$4.00", "price_calculation": "$1.74 per 100g", "category": "Pantry"},
{"title": "Hanabi Cabbage & Pork Dumplings | 500g", "price": "$7.00", "price_calculation": "$1.40 per 100g", "category": "Frozen"},
{"title": "Sunrice Medium Grain Brown Rice | 5kg", "price": "$19.00", "price_calculation": "$0.38 per 100g", "category": "Pantry"},
{"title": "Lean Cuisine Chicken Cheese & Pasta | 375g", "price": "$7.00", "price_calculation": "$1.87 per 100g", "category": "Frozen"},
{"title": "Coles Rice Crackers Cheese | 100g", "price": "$0.90", "price_calculation": "$0.90 per 100g", "category": "Pantry"},
{"title": "Bulla Creamy Classic Vanilla Choc Fudge Cone 4 Pack | 520mL", "price": "$7.00", "price_calculation": "$1.35 per 100mL", "category": "Frozen"},
{"title": "Heinz Big Red Tomato Soup Can | 420g", "price": "$2.00", "price_calculation": "$0.48 per 100g", "category": "Pantry"},
{"title": "Birds Eye Plant Based Mince | 300g", "price": "$7.30", "price_calculation": "$2.43 per 100g", "category": "Frozen"},
{"title": "Cheetos Cheese And Bacon Balls | 90g", "price": "$2.70", "price_calculation": "$3.00 per 100g", "category": "Pantry"},
{"title": "The Fishery Smooth Dory Fillets | 200g", "price": "$7.50", "price_calculation": "$37.50 per 1kg", "category": "Frozen"},
{"title": "Coles Australian Peanuts Unsalted | 375g", "price": "$3.00", "price_calculation": "$8.00 per 1kg", "category": "Pantry"},
{"title": "Coles IM Free From Chicken Tenders | 400g", "price": "$8.00", "price_calculation": "$20.00 per 1kg", "category": "Frozen"},
{"title": "Magnum Ice Cream Honeycomb Crunch 4Pack | 428mL", "price": "$8.00", "price_calculation": "$1.87 per 100mL", "category": "Frozen"},
{"title": "On The Menu Beef Cutlet With Pepper Gravy Mash & Veg | 480g", "price": "$8.00", "price_calculation": "$1.67 per 100g", "category": "Frozen"},
{"title": "Golden Wok Frozen Diana Chan's Korean Beef Dumplings | 230g", "price": "$8.50", "price_calculation": "$3.70 per 100g", "category": "Frozen"},
{"title": "Plantry Frozen Plant Based Meal Lasagna | 350g", "price": "$9.00", "price_calculation": "$2.57 per 100g", "category": "Frozen"},
{"title": "Core Powerfoods Beef Tortolleni | 350g", "price": "$9.00", "price_calculation": "$2.57 per 100g", "category": "Frozen"},
{"title": "Herbert Adams Frozen Chicken & Leek Pie 2 pack | 420g", "price": "$9.00", "price_calculation": "$2.14 per 100g", "category": "Frozen"},
{"title": "Fresh Half Honeydew Melon | 1 each", "price": "$2.50", "price_calculation": "$2.50 per 1ea", "category": "Fruit & Vegetables"},
{"title": "Coles Rosalee Pink Onions Prepacked | 1kg", "price": "$2.90", "price_calculation": "$2.90 per 1kg", "category": "Fruit & Vegetables"},
{"title": "Fresh Green Cayenne Chillies | approx 22g", "price": "$0.66", "price_calculation": "$30.01 per 1kg", "category": "Fruit & Vegetables"},
{"title": "Farmers Union Greek Style Mango Yoghurt Pouch | 130g", "price": "$1.20", "price_calculation": "$0.92 per 100g", "category": "Dairy, Eggs & Fridge"},
{"title": "Coles Asian Choy Chinese Broccoli | 1 each", "price": "$2.50", "price_calculation": "$2.50 per 1ea", "category": "Fruit & Vegetables"},
{"title": "Western Star Supersoft Spreadable Butter Blend | 500g", "price": "$6.00", "price_calculation": "$1.20 per 100g", "category": "Dairy, Eggs & Fridge"},
{"title": "Coles Modi Apples | approx 180g", "price": "$1.06", "price_calculation": "$5.90 per 1kg", "category": "Fruit & Vegetables"},
{"title": "Coles Full Cream Milk Powder | 1kg", "price": "$10.00", "price_calculation": "$1.00 per 100g", "category": "Dairy, Eggs & Fridge"},
{"title": "Coles Roasted & Salted Cashews | 750g", "price": "$16.00", "price_calculation": "$21.33 per 1kg", "category": "Fruit & Vegetables"},
{"title": "Coles Light Sour Cream | 300g", "price": "$3.25", "price_calculation": "$1.08 per 100g", "category": "Dairy, Eggs & Fridge"},
{"title": "Coles Lady Finger Bananas | approx 160g", "price": "$1.26", "price_calculation": "$7.90 per 1kg", "category": "Fruit & Vegetables"},
{"title": "Farmers Union Greek Style Natural Yoghurt | 500g", "price": "$4.50", "price_calculation": "$0.90 per 100g", "category": "Dairy, Eggs & Fridge"},
{"title": "Coles Fresh Turnips | approx 180g", "price": "$0.90", "price_calculation": "$5.00 per 1kg", "category": "Fruit & Vegetables"},
{"title": "Coles Dairy Cheese Slices Processed | 500g", "price": "$5.00", "price_calculation": "$10.00 per 1kg", "category": "Dairy, Eggs & Fridge"},
{"title": "Coles Kitchen Shredded Carrot | 200g", "price": "$2.00", "price_calculation": "$10.00 per 1kg", "category": "Fruit & Vegetables"},
{"title": "Coles Salted Butter | 250g", "price": "$3.70", "price_calculation": "$1.48 per 100g", "category": "Dairy, Eggs & Fridge"},
{"title": "Coles Kitchen Beetroot Slaw | 200g", "price": "$2.00", "price_calculation": "$10.00 per 1kg", "category": "Fruit & Vegetables"},
{"title": "Bega Dairy Stringers Original Cheese 12 Pack | 240g", "price": "$8.50", "price_calculation": "$35.42 per 1kg", "category": "Dairy, Eggs & Fridge"},
{"title": "Coles Fruit & Nut Mix | 400g", "price": "$4.00", "price_calculation": "$10.00 per 1kg", "category": "Fruit & Vegetables"},
{"title": "Coles Cheese Shredded Tasty Light | 700g", "price": "$10.00", "price_calculation": "$14.29 per 1kg", "category": "Dairy, Eggs & Fridge"},
{"title": "Coles Natural Cashews | 400g", "price": "$8.00", "price_calculation": "$20.00 per 1kg", "category": "Fruit & Vegetables"},
{"title": "Coles Lactose Free UHT Low Fat Milk | 1L", "price": "$2.00", "price_calculation": "$2.00 per 1L", "category": "Dairy, Eggs & Fridge"},
{"title": "Coles BBQ Rice Crackers | approx 100g", "price": "$1.80", "price_calculation": "$18.00 per 1kg", "category": "Fruit & Vegetables"},
{"title": "Coles Unsalted Butter | 250g", "price": "$3.70", "price_calculation": "$1.48 per 100g", "category": "Dairy, Eggs & Fridge"},
{"title": "Coles Dried Apricots | approx 100g", "price": "$1.80", "price_calculation": "$18.00 per 1kg", "category": "Fruit & Vegetables"},
{"title": "Coles Skim Milk Bottle | 1L", "price": "$1.60", "price_calculation": "$1.60 per 1L", "category": "Dairy, Eggs & Fridge"},
{"title": "Coles Roasted Unsalted Cashews | approx 100g", "price": "$2.40", "price_calculation": "$24.00 per 1kg", "category": "Fruit & Vegetables"},
{"title": "Vitasoy UHT Oat Milk | 1L", "price": "$3.30", "price_calculation": "$3.30 per 1L", "category": "Dairy, Eggs & Fridge"},
{"title": "Coles Kitchen Chicken Caesar Salad Bowl | 180g", "price": "$6.50", "price_calculation": "$36.11 per 1kg", "category": "Fruit & Vegetables"},
{"title": "Yumi's Classic Middle Eastern Hommus Dip | 200g", "price": "$3.50", "price_calculation": "$1.75 per 100g", "category": "Dairy, Eggs & Fridge"},
{"title": "Coles Roasted Unsalted Almonds | approx 100g", "price": "$2.20", "price_calculation": "$22.00 per 1kg", "category": "Fruit & Vegetables"},
{"title": "Perfect Italiano Grated Parmesan | 125g", "price": "$3.50", "price_calculation": "$28.00 per 1kg", "category": "Dairy, Eggs & Fridge"},
{"title": "Coles Orange Candy Melon | 1 each", "price": "$4.90", "price_calculation": "$4.90 per 1ea", "category": "Fruit & Vegetables"},
{"title": "Salted Butter | 500g", "price": "$6.40", "price_calculation": "$1.28 per 100g", "category": "Dairy, Eggs & Fridge"},
{"title": "Coles Australian Salad Family Baby Leaf Blend | 300g", "price": "$5.00", "price_calculation": "$16.67 per 1kg", "category": "Fruit & Vegetables"},
{"title": "Coles Light Thickened Cream | 300mL", "price": "$2.80", "price_calculation": "$0.93 per 100mL", "category": "Dairy, Eggs & Fridge"},
{"title": "Coles Spinach Bunch | 1 each", "price": "$4.90", "price_calculation": "$4.90 per 1ea", "category": "Fruit & Vegetables"},
{"title": "Bulla Light Thickened Cooking Cream | 300mL", "price": "$2.95", "price_calculation": "$0.98 per 100mL", "category": "Dairy, Eggs & Fridge"},
{"title": "Coles Pepitas | 250g", "price": "$3.00", "price_calculation": "$12.00 per 1kg", "category": "Fruit & Vegetables"},
{"title": "Bonsoy Soy Milk | 1L", "price": "$4.90", "price_calculation": "$4.90 per 1L", "category": "Dairy, Eggs & Fridge"},
{"title": "Coles Lettuce Decorative Green Oak | 1 each", "price": "$3.20", "price_calculation": "$3.20 per 1ea", "category": "Fruit & Vegetables"},
{"title": "Josh's Rainbow Free Range Eggs Regular 6 Pack | 350g", "price": "$4.20", "price_calculation": "$1.20 per 100g", "category": "Dairy, Eggs & Fridge"},
{"title": "Coles Corn Cobettes | 400g", "price": null, "price_calculation": null, "category": "Fruit & Vegetables"},
{"title": "Coles Lactose Free Long Life Full Cream Milk | 1L", "price": "$2.00", "price_calculation": "$2.00 per 1L", "category": "Dairy, Eggs & Fridge"},
{"title": "Coles Medjool Dates loose | approx 200g", "price": "$4.40", "price_calculation": "$22.00 per 1kg", "category": "Fruit & Vegetables"},
{"title": "Lurpak Slightly Salted Spreadable Tub | 250g", "price": "$5.50", "price_calculation": "$2.20 per 100g", "category": "Dairy, Eggs & Fridge"},
{"title": "Coles Kitchen Superfood Slaw Mix | 350g", "price": "$4.00", "price_calculation": "$11.43 per 1kg", "category": "Fruit & Vegetables"},
{"title": "Bulla Sour Cream | 200mL", "price": "$3.70", "price_calculation": "$1.85 per 100mL", "category": "Dairy, Eggs & Fridge"},
{"title": "Coles Fruit & Nut Trail Mix | 400g", "price": "$4.00", "price_calculation": "$10.00 per 1kg", "category": "Fruit & Vegetables"},
{"title": "Pauls Zymil Lactose Free Full Cream Milk | 1L", "price": "$3.90", "price_calculation": "$3.90 per 1L", "category": "Dairy, Eggs & Fridge"},
{"title": "Coles Kitchen Caesar Salad Bowl | 200g", "price": "$5.50", "price_calculation": "$27.50 per 1kg", "category": "Fruit & Vegetables"},
{"title": "Coles Rindless Pan Sized Bacon | 200g", "price": "$5.00", "price_calculation": "$25.00 per 1kg", "category": "Dairy, Eggs & Fridge"},
{"title": "Fresh Red Cayenne Chillies | approx 20g", "price": "$0.60", "price_calculation": "$30.00 per 1kg", "category": "Fruit & Vegetables"},
{"title": "A2 Lactose Free Full Cream Milk | 2L", "price": "$6.80", "price_calculation": "$3.40 per 1L", "category": "Dairy, Eggs & Fridge"},
{"title": "Coles Passionfruit | 1 each", "price": "$1.50", "price_calculation": "$1.50 per 1ea", "category": "Fruit & Vegetables"},
{"title": "Perfect Italiano Perfect Pizza Grated Cheese | 450g", "price": "$9.00", "price_calculation": "$20.00 per 1kg", "category": "Dairy, Eggs & Fridge"},
{"title": "Coles Organic Baby Spinach | 100g", "price": "$4.50", "price_calculation": "$45.00 per 1kg", "category": "Fruit & Vegetables"},
{"title": "Vitasoy Unsweetened Almond UHT Milk 1L | 1L", "price": "$3.30", "price_calculation": "$3.30 per 1L", "category": "Dairy, Eggs & Fridge"},
{"title": "Coles Kitchen Caesar Salad Kit | 290g", "price": "$5.50", "price_calculation": "$18.97 per 1kg", "category": "Fruit & Vegetables"},
{"title": "Coles Bacon Shortcut Rindless | 200g", "price": "$5.00", "price_calculation": "$25.00 per 1kg", "category": "Dairy, Eggs & Fridge"},
{"title": "Coles Gold Sweet Potatoes | 1kg", "price": "$4.50", "price_calculation": "$4.50 per 1kg", "category": "Fruit & Vegetables"},
{"title": "Pauls Zymil Low Fat Milk | 2L", "price": "$6.60", "price_calculation": "$3.30 per 1L", "category": "Dairy, Eggs & Fridge"},
{"title": "Coles Chilli Fried Rice Crackers | approx 100g", "price": "$1.80", "price_calculation": "$18.00 per 1kg", "category": "Fruit & Vegetables"},
{"title": "Farmers Union Yoghurt Peach 130g | 130g", "price": "$1.20", "price_calculation": "$0.92 per 100g", "category": "Dairy, Eggs & Fridge"},
{"title": "Coles Snacking Carrots | 250g", "price": "$3.50", "price_calculation": "$14.00 per 1kg", "category": "Fruit & Vegetables"},
{"title": "Great Ocean Road Fresh Low Fat Milk | 2L", "price": "$4.70", "price_calculation": "$2.35 per 1L", "category": "Dairy, Eggs & Fridge"},
{"title": "Coles Limes Medium 5 pack | 1 each", "price": null, "price_calculation": null, "category": "Fruit & Vegetables"},
{"title": "Perfect Italiano Dairy Cheese Extra Sharp Grated Parmesan | 125g", "price": "$3.50", "price_calculation": "$28.00 per 1kg", "category": "Dairy, Eggs & Fridge"},
{"title": "Coles Pistachio Roasted & Salted | 800g", "price": "$18.00", "price_calculation": "$22.50 per 1kg", "category": "Fruit & Vegetables"},
{"title": "Pauls Zymil Gluten free & lactose Free Full Cream Milk | 2L", "price": "$6.60", "price_calculation": "$3.30 per 1L", "category": "Dairy, Eggs & Fridge"},
{"title": "Coles Brown Mushrooms Prepacked | 200g", "price": "$5.50", "price_calculation": "$27.50 per 1kg", "category": "Fruit & Vegetables"},
{"title": "Coles Drink Soy Regular | 1L", "price": "$1.15", "price_calculation": "$1.15 per 1L", "category": "Dairy, Eggs & Fridge"},
{"title": "Coles Dried Apricots | 400g", "price": "$6.00", "price_calculation": "$15.00 per 1kg", "category": "Fruit & Vegetables"},
{"title": "Pauls Farmhouse Gold Cream On Top Milk | 1.5L", "price": "$4.20", "price_calculation": "$2.80 per 1L", "category": "Dairy, Eggs & Fridge"},
{"title": "Coles Natural Almonds | approx 100g", "price": "$2.20", "price_calculation": "$22.00 per 1kg", "category": "Fruit & Vegetables"},
{"title": "Pauls Rev Low Fat Milk | 2L", "price": "$5.30", "price_calculation": "$2.65 per 1L", "category": "Dairy, Eggs & Fridge"},
{"title": "Coles Fennel | 1 bunch", "price": "$3.50", "price_calculation": "$3.50 per 1ea", "category": "Fruit & Vegetables"},
{"title": "Dairy Farmers Heart Active Fat Free Milk Carton | 1L", "price": "$3.70", "price_calculation": "$3.70 per 1L", "category": "Dairy, Eggs & Fridge"},
{"title": "Nuttelex Original Spread | 500g", "price": "$5.20", "price_calculation": "$1.04 per 100g", "category": "Dairy, Eggs & Fridge"},
{"title": "Pauls Smarter White Milk | 2L", "price": "$4.75", "price_calculation": "$2.38 per 1L", "category": "Dairy, Eggs & Fridge"},
{"title": "Palmolive Milk & Honey Shower Gel | 500mL", "price": "$6.50", "price_calculation": "$1.30 per 100mL", "category": "Health & Beauty"},
{"title": "Farmers Union Greek Style Natural Yoghurt | 200g", "price": "$2.50", "price_calculation": "$1.25 per 100g", "category": "Dairy, Eggs & Fridge"},
{"title": "Gillette Blue II UltraGrip Pivot Disposable Shaving Razor | 5 pack", "price": "$7.00", "price_calculation": "$1.40 per 1ea", "category": "Health & Beauty"},
{"title": "Coles Dairy Tzatziki Dip | 200g", "price": "$2.50", "price_calculation": "$1.25 per 100g", "category": "Dairy, Eggs & Fridge"},
{"title": "Dettol Hand Sanitizer Original | 200mL", "price": "$7.50", "price_calculation": "$3.75 per 100mL", "category": "Health & Beauty"},
{"title": "Perfect Italiano Shaved Parmesan | 125g", "price": "$3.50", "price_calculation": "$28.00 per 1kg", "category": "Dairy, Eggs & Fridge"},
{"title": "Nurofen Quickzorb Ibuprofen Lysine 342mg Caplets | 24 pack", "price": "$8.00", "price_calculation": "$0.33 per 1ea", "category": "Health & Beauty"},
{"title": "Coles Full Cream Milk | 600mL", "price": "$1.30", "price_calculation": "$2.17 per 1L", "category": "Dairy, Eggs & Fridge"},
{"title": "Lynx Aerosol Dark Temptation Deodorant | 165mL", "price": "$8.00", "price_calculation": "$4.85 per 100mL", "category": "Health & Beauty"},
{"title": "Jalna Pot Set Greek Style Natural Yoghurt | 2kg", "price": "$12.40", "price_calculation": "$0.62 per 100g", "category": "Dairy, Eggs & Fridge"},
{"title": "Dove Antiperspirant Apple & White Tea | 220mL", "price": "$8.50", "price_calculation": "$3.86 per 100mL", "category": "Health & Beauty"},
{"title": "Coles Bacon Streaky | 200g", "price": "$5.00", "price_calculation": "$25.00 per 1kg", "category": "Dairy, Eggs & Fridge"},
{"title": "Pain Away Heat Patches Regular + 2 Bonus Hand Warmers | 5 pack", "price": "$10.00", "price_calculation": "$2.00 per 1ea", "category": "Health & Beauty"},
{"title": "Listerine Freshburst Antibacterial Mouthwash | 1L", "price": "$10.00", "price_calculation": "$1.00 per 100mL", "category": "Health & Beauty"},
{"title": "Sensodyne Sensitive Teeth Pain Repair & Protect Extra Fresh Toothpaste | 100g", "price": "$12.30", "price_calculation": "$12.30 per 100g", "category": "Health & Beauty"},
{"title": "Durex Fetherlite Ultra Thin Feel Condoms | 30 pack", "price": "$15.00", "price_calculation": "$0.50 per 1ea", "category": "Health & Beauty"},
{"title": "Berocca Energy Vitamin B & C Mango & Orange Flavour Effervescent Tablets | 45 Pack", "price": "$18.75", "price_calculation": "$0.42 per 1ea", "category": "Health & Beauty"},
{"title": "Head & Shoulders Citrus Fresh Shampoo | 660mL", "price": "$21.00", "price_calculation": "$3.18 per 100mL", "category": "Health & Beauty"},
{"title": "Coles Toothbrush Toothpaste Case | 1 pack", "price": "$2.00", "price_calculation": "$2.00 per 1ea", "category": "Health & Beauty"},
{"title": "Coles Antibacterial Hand Wash Lime Fresh | 250mL", "price": "$2.40", "price_calculation": "$0.96 per 100mL", "category": "Health & Beauty"},
{"title": "Coles Antibacterial Hand Wash Sweet Orange | 250mL", "price": "$2.40", "price_calculation": "$0.96 per 100mL", "category": "Health & Beauty"},
{"title": "Norsca Aluminium Free Anti-Perspirant Roll On Deodorant | 50mL", "price": "$2.50", "price_calculation": "$5.00 per 100mL", "category": "Health & Beauty"},
{"title": "Dettol Antibacterial Liquid Hand Wash Pump Aloe Vera and Vitamin E | 250mL", "price": "$2.80", "price_calculation": "$1.12 per 100mL", "category": "Health & Beauty"},
{"title": "Colgate Zig Zag Flex Medium Toothbrush | 1 pack", "price": "$3.00", "price_calculation": "$3.00 per 1ea", "category": "Health & Beauty"},
{"title": "Oral-B ALL Rounder Fresh Clean Toothbrush Medium  | 1 pack", "price": "$3.00", "price_calculation": "$3.00 per 1ea", "category": "Health & Beauty"},
{"title": "Blistex Lip Conditioner | 7g", "price": "$3.50", "price_calculation": "$50.00 per 100g", "category": "Health & Beauty"},
{"title": "Australian Botanical Soap Sea Salt | 200g", "price": "$4.00", "price_calculation": "$2.00 per 100g", "category": "Health & Beauty"},
{"title": "Libra Night Pants Large | 2 pack", "price": "$4.40", "price_calculation": "$2.20 per 1ea", "category": "Health & Beauty"},
{"title": "Beckham Intimately Deodorant Body Spray | 150mL", "price": "$4.50", "price_calculation": "$3.00 per 100mL", "category": "Health & Beauty"},
{"title": "Dove Women Antiperspirant Roll On Deo Peach | 50mL", "price": "$4.50", "price_calculation": "$9.00 per 100mL", "category": "Health & Beauty"},
{"title": "Dove Men Roll On Deo Clean Comfort Zero Alu | 50mL", "price": "$4.50", "price_calculation": "$9.00 per 100mL", "category": "Health & Beauty"},
{"title": "White Glo Professional Whitening Toothpaste | 205g", "price": "$4.50", "price_calculation": "$2.20 per 100g", "category": "Health & Beauty"},
{"title": "Dove Beauty Bar Sensitive | 4 pack", "price": "$4.70", "price_calculation": "$1.18 per 1ea", "category": "Health & Beauty"},
{"title": "Oral B 3D White Luxe Glamorous White | 95g", "price": "$4.75", "price_calculation": "$5.00 per 100g", "category": "Health & Beauty"},
{"title": "Colgate Total Mouthwash Refreshing Clear Mint | 500mL", "price": "$5.00", "price_calculation": "$1.00 per 100mL", "category": "Health & Beauty"},
{"title": "Coles Epsom Salts | 1kg", "price": "$6.00", "price_calculation": "$0.60 per 100g", "category": "Health & Beauty"},
{"title": "Oral B Charcoal White Toothbrush | 1 Pack", "price": "$6.00", "price_calculation": "$6.00 per 1ea", "category": "Health & Beauty"},
{"title": "Strepsil Herbal Immune Sore Throat Honey Lemon | 16 pack", "price": "$7.00", "price_calculation": "$0.44 per 1ea", "category": "Health & Beauty"},
{"title": "Palmolive Original Hand Wash | 1L", "price": "$7.00", "price_calculation": "$0.70 per 100mL", "category": "Health & Beauty"},
{"title": "Lucas Papaw Ointment Lip Tube | 25g", "price": "$7.50", "price_calculation": "$30.00 per 100g", "category": "Health & Beauty"},
{"title": "Nulax Fruit Laxative | 250g", "price": "$7.75", "price_calculation": "$3.10 per 100g", "category": "Health & Beauty"},
{"title": "Colgate Optic White Alcohol Free Whitening Mouthwash With Optic Brightener | 500mL", "price": "$8.00", "price_calculation": "$1.60 per 100mL", "category": "Health & Beauty"},
{"title": "Cetaphil Gentle Skin Cleanser | 250mL", "price": "$9.10", "price_calculation": "$3.64 per 100mL", "category": "Health & Beauty"},
{"title": "Gillette Venus Comfort Glide White Tea Disposable Razors | 2 pack", "price": "$10.00", "price_calculation": "$5.00 per 1ea", "category": "Health & Beauty"},
{"title": "Listerine Zero Alcohol Antibacterial Mouthwash Less Intense Taste | 1L", "price": "$10.00", "price_calculation": "$1.00 per 100mL", "category": "Health & Beauty"},
{"title": "Tena Xtra Long Incontinence Pads Night Maxi | 14 pack", "price": "$10.00", "price_calculation": "$0.71 per 1ea", "category": "Health & Beauty"},
{"title": "Claratyne Allergy Hayfever Relief Antihistamine Tablets | 10 pack", "price": "$12.30", "price_calculation": "$1.23 per 1ea", "category": "Health & Beauty"},
{"title": "Gillette Mach3+ Razor | 1 each", "price": "$14.00", "price_calculation": "$14.00 per 1ea", "category": "Health & Beauty"},
{"title": "Coles Shave Foam | 250g", "price": "$2.30", "price_calculation": "$0.92 per 100g", "category": "Health & Beauty"},
{"title": "Poise Liners For Bladder Leaks Extra Light | 10 pack", "price": "$2.40", "price_calculation": "$0.24 per 1ea", "category": "Health & Beauty"},
{"title": "Jiinju Hyaluronic Acid Face Mask | 25mL", "price": "$2.50", "price_calculation": "$10.00 per 100mL", "category": "Health & Beauty"},
{"title": "Sanofi Shave Cream - Moisturising Shaving Cream | 75g", "price": "$2.65", "price_calculation": "$3.53 per 100g", "category": "Health & Beauty"},
{"title": "Coles Para Rapid | 20 pack", "price": "$2.70", "price_calculation": "$0.14 per 1ea", "category": "Health & Beauty"},
{"title": "Coles Pottle Milk Chocolate Macadamias | approx 100g", "price": "$5.70", "price_calculation": "$57.00 per 1kg", "category": "Fruit & Vegetables"},
{"title": "Wicked Caramel Dipping Sauce | 130g", "price": null, "price_calculation": null, "category": "Fruit & Vegetables"},
{"title": "Coles Mushrooms Dried Mixed Forest | 20g", "price": "$5.00", "price_calculation": "$250.00 per 1kg", "category": "Fruit & Vegetables"},
{"title": "Coles Deli Salads Tub Large Classic Potato | 1 each", "price": "$6.00", "price_calculation": "$6.00 per 1ea", "category": "Fruit & Vegetables"},
{"title": "Coles Deli Large Greek Salad | 1 each", "price": "$7.00", "price_calculation": "$7.00 per 1ea", "category": "Fruit & Vegetables"},
{"title": "Natural Delights Mini Medjools Coconut | 227g", "price": "$8.00", "price_calculation": null, "category": "Fruit & Vegetables"},
{"title": "Market Lane Club Mix | 750g", "price": "$12.00", "price_calculation": "$16.00 per 1kg", "category": "Fruit & Vegetables"},
{"title": "Market Lane Topper Savoury | 810g", "price": "$15.00", "price_calculation": "$18.52 per 1kg", "category": "Fruit & Vegetables"},
{"title": "Market Lane Choice Fruit & Nut Mix | 1100g", "price": "$18.00", "price_calculation": "$16.36 per 1kg", "category": "Fruit & Vegetables"},
{"title": "Coles Roasted Salted Mixed Nuts | approx 100g", "price": "$2.80", "price_calculation": "$28.00 per 1kg", "category": "Fruit & Vegetables"},
{"title": "Coles Naked Snack Mix | approx 100g", "price": null, "price_calculation": null, "category": "Fruit & Vegetables"},
{"title": "Coles Deli Salad Tubs Snack Quinoa Tabouleah Salad | 1 each", "price": "$3.00", "price_calculation": "$3.00 per 1ea", "category": "Fruit & Vegetables"},
{"title": "Gourmet Garden Lightly Dried Mint | 5g", "price": "$4.00", "price_calculation": "$8.00 per 10g", "category": "Fruit & Vegetables"},
{"title": "Coles Deli Salad Large Tubs Potato Egg & Bacon | 1 each", "price": "$7.00", "price_calculation": "$7.00 per 1ea", "category": "Fruit & Vegetables"},
{"title": "Coles Pomelo | approx 1kg", "price": "$8.90", "price_calculation": "$8.90 per 1kg", "category": "Fruit & Vegetables"},
{"title": "Coles Deli Salads Tub Jumbo Classic Potato | 1 each", "price": "$10.00", "price_calculation": "$10.00 per 1ea", "category": "Fruit & Vegetables"},
{"title": "Coles Deli Salads Tub Jumbo Classic Pasta | 1 each", "price": "$10.00", "price_calculation": "$10.00 per 1ea", "category": "Fruit & Vegetables"},
{"title": "Coles Deli Salads Tub Jumbo Classic Coleslaw | 1 each", "price": "$10.00", "price_calculation": "$10.00 per 1ea", "category": "Fruit & Vegetables"},
{"title": "Coles Red Cabbage Quarter | 1 each", "price": "$1.42", "price_calculation": "$1.42 per 1ea", "category": "Fruit & Vegetables"},
{"title": "Coles Witlof Prepacked | 250g", "price": null, "price_calculation": null, "category": "Fruit & Vegetables"},
{"title": "Wicked White Chocolate Dipping Sauce | 130g", "price": null, "price_calculation": null, "category": "Fruit & Vegetables"},
{"title": "Coles Deli Salads Tub Snack Classic Potato | 1 each", "price": "$2.00", "price_calculation": "$2.00 per 1ea", "category": "Fruit & Vegetables"},
{"title": "Coles Deli Salads Tub Snack Classic Pasta | 1 each", "price": "$2.00", "price_calculation": "$2.00 per 1ea", "category": "Fruit & Vegetables"},
{"title": "Coles Bean Shoots Prepacked | 350g", "price": "$2.70", "price_calculation": "$7.71 per 1kg", "category": "Fruit & Vegetables"},
{"title": "Coles Salad Snack Tubs Potato Egg & Bacon | 1 each", "price": "$3.00", "price_calculation": "$3.00 per 1ea", "category": "Fruit & Vegetables"},
{"title": "Coles Deli Snack Greek Salad | 1 each", "price": "$3.00", "price_calculation": "$3.00 per 1ea", "category": "Fruit & Vegetables"},
{"title": "Coles Marjoram Sleeved | 1 bunch", "price": null, "price_calculation": null, "category": "Fruit & Vegetables"},
{"title": "Fresh Living Herbs Chives | 1 each", "price": "$3.98", "price_calculation": "$3.98 per 1ea", "category": "Fruit & Vegetables"},
{"title": "Perfection Fresh Rockmelon Pieces | 500g", "price": "$3.98", "price_calculation": "$7.96 per 1kg", "category": "Fruit & Vegetables"},
{"title": "Coles Baby Rocket Salad Leaf Prepacked | 120g", "price": "$3.99", "price_calculation": "$33.25 per 1kg", "category": "Fruit & Vegetables"},
{"title": "Avo Fresh Plain Avocado | 160g", "price": "$4.00", "price_calculation": "$25.00 per 1kg", "category": "Fruit & Vegetables"},
{"title": "Gourmet Garden Lightly Dried Herb Oregano | 5g", "price": "$4.00", "price_calculation": "$8.00 per 10g", "category": "Fruit & Vegetables"},
{"title": "Cheetos Puffs | 80g", "price": "$2.70", "price_calculation": "$3.38 per 100g", "category": "Pantry"},
{"title": "Coles Green Beans Prepacked | 375g", "price": null, "price_calculation": null, "category": "Fruit & Vegetables"},
{"title": "Kellogg's Corn Flakes Breakfast Cereal | 380g", "price": "$4.25", "price_calculation": "$1.12 per 100g", "category": "Pantry"},
{"title": "Coles Organic Grey Pumpkin | approx 1kg", "price": "$4.00", "price_calculation": "$4.00 per 1kg", "category": "Fruit & Vegetables"},
{"title": "Arnott's Shapes Cheddar Cracker Biscuits | 175g", "price": "$2.75", "price_calculation": "$1.57 per 100g", "category": "Pantry"},
{"title": "Coles Pears Rico | approx 200g", "price": null, "price_calculation": null, "category": "Fruit & Vegetables"},
{"title": "Coles Finest Pure Canadian Maple Syrup | 250mL", "price": "$6.60", "price_calculation": "$2.64 per 100mL", "category": "Pantry"},
{"title": "Coles Eve Apples 1kg | 1 each", "price": null, "price_calculation": null, "category": "Fruit & Vegetables"},
{"title": "Coles Lemon Juice | 500mL", "price": "$1.65", "price_calculation": "$0.03 per 10mL", "category": "Pantry"},
{"title": "Coles Deli Salads Tub Large Classic Pasta | 1 each", "price": "$6.00", "price_calculation": "$6.00 per 1ea", "category": "Fruit & Vegetables"},
{"title": "Coles Original Water Crackers | 125g", "price": "$0.95", "price_calculation": "$0.76 per 100g", "category": "Pantry"},
{"title": "Coles Gourmandine Potatoes | 1.5kg", "price": "$6.50", "price_calculation": "$4.33 per 1kg", "category": "Fruit & Vegetables"},
{"title": "Coles Cereal Corn Flakes | 475g", "price": "$1.90", "price_calculation": "$0.40 per 100g", "category": "Pantry"},
{"title": "Coles Organic Red Globe Grapes | approx 800g", "price": "$5.58", "price_calculation": "$6.98 per 1kg", "category": "Fruit & Vegetables"},
{"title": "Pringles Seriously Cheesy Garlic Flavour | 118g", "price": "$2.50", "price_calculation": "$2.12 per 100g", "category": "Pantry"},
{"title": "Organic Nectarines Medium | approx 1kg", "price": "$6.99", "price_calculation": "$6.99 per 1kg", "category": "Fruit & Vegetables"},
{"title": "Mcvities Digestives Biscuits Plain | 355g", "price": "$3.30", "price_calculation": "$0.93 per 100g", "category": "Pantry"},
{"title": "Coles Organic Nectarines Medium | approx 150g", "price": "$1.05", "price_calculation": "$6.99 per 1kg", "category": "Fruit & Vegetables"},
{"title": "Uncle Tobys Traditional Porridge Oats | 1kg", "price": "$6.50", "price_calculation": "$0.65 per 100g", "category": "Pantry"},
{"title": "Market Lane Crunchy Party Mix | 400g", "price": "$7.00", "price_calculation": "$17.50 per 1kg", "category": "Fruit & Vegetables"},
{"title": "Coles White Sugar | 1kg", "price": "$1.70", "price_calculation": "$0.17 per 100g", "category": "Pantry"},
{"title": "Coles Mixed Nuts in Shell Prepacked | 500g", "price": null, "price_calculation": null, "category": "Fruit & Vegetables"},
{"title": "Arnott's Raspberry Shortcake Biscuits | 250g", "price": "$3.00", "price_calculation": "$1.20 per 100g", "category": "Pantry"},
{"title": "Coles Yellow Peppers | approx 50g", "price": "$0.40", "price_calculation": "$7.98 per 1kg", "category": "Fruit & Vegetables"},
{"title": "Arnott's Marie Plain Biscuits | 250g", "price": "$2.00", "price_calculation": "$0.80 per 100g", "category": "Pantry"},
{"title": "Coles Walnuts In Shell | 665g", "price": "$8.00", "price_calculation": "$12.03 per 1kg", "category": "Fruit & Vegetables"},
{"title": "Coles Vegetable Oil Blended | 750mL", "price": "$3.95", "price_calculation": "$0.53 per 100mL", "category": "Pantry"},
{"title": "Coles Heirloom Tomatoes | approx 100g", "price": null, "price_calculation": null, "category": "Fruit & Vegetables"},
{"title": "Nutella Hazelnut Chocolate Spread | 750g", "price": "$7.80", "price_calculation": "$1.04 per 100g", "category": "Pantry"},
{"title": "Market Lane Australian Beer Nuts | 900g", "price": "$10.00", "price_calculation": "$11.11 per 1kg", "category": "Fruit & Vegetables"},
{"title": "M&Ms Peanut Milk Chocolate Snack & Share Bag | 180g", "price": "$2.50", "price_calculation": "$1.39 per 100g", "category": "Pantry"},
{"title": "Cheetos Puffs Flaming Hot | 80g", "price": "$2.70", "price_calculation": "$3.38 per 100g", "category": "Pantry"},
{"title": "Nestle Ambient Dairy Sweetened Condensed Milk | 395g", "price": "$2.80", "price_calculation": "$0.71 per 100g", "category": "Pantry"},
{"title": "Abbotts Bakery Sourdough White | 760g", "price": "$5.20", "price_calculation": "$0.68 per 100g", "category": "Bakery"},
{"title": "Nongshim Ramyun Noodle Soup 5 Pack | 600g", "price": "$5.00", "price_calculation": "$0.83 per 100g", "category": "Pantry"},
{"title": "Old Time Bakery Gluten Free  Multigrain Wraps | 250g", "price": "$5.80", "price_calculation": "$2.32 per 100g", "category": "Bakery"},
{"title": "Doritos Corn Chips Cheese Supreme Flaming Hot | 150g", "price": "$3.35", "price_calculation": "$2.23 per 100g", "category": "Pantry"},
{"title": "Old Time Bakery Gluten Free Lebanese Wholemeal Bread | 250g", "price": "$5.80", "price_calculation": "$2.32 per 100g", "category": "Bakery"},
{"title": "Lifesavers Blackcurrant Pastilles                                                                                                           | 180g", "price": "$2.00", "price_calculation": "$1.11 per 100g", "category": "Pantry"},
{"title": "Taste Dessert Chilled Lemon Slice | 350g", "price": "$6.50", "price_calculation": "$1.86 per 100g", "category": "Bakery"},
{"title": "Coles Tomato Paste | 500g", "price": "$1.40", "price_calculation": "$0.28 per 100g", "category": "Pantry"},
{"title": "Laucke Stoneground Rustic White | 2.4kg", "price": "$10.90", "price_calculation": "$4.54 per 1kg", "category": "Bakery"},
{"title": "Coles Tomatoes Crushed Mixed Herbs | 400g", "price": "$1.30", "price_calculation": "$3.25 per 1kg", "category": "Pantry"},
{"title": "Coles Bakery High Top Half Sandwich Loaf | 320g", "price": "$1.30", "price_calculation": "$0.41 per 100g", "category": "Bakery"},
{"title": "Campbell's Country Ladle Soup Can Creamy Chicken | 500g", "price": "$2.25", "price_calculation": "$0.45 per 100g", "category": "Pantry"},
{"title": "Coles Bakery High Top Half Toast Loaf | 320g", "price": "$1.30", "price_calculation": "$0.41 per 100g", "category": "Bakery"},
{"title": "Smith's Original Thinly Cut Potato Chips | 175g", "price": "$3.00", "price_calculation": "$1.71 per 100g", "category": "Pantry"},
{"title": "Coles Vegan Jumbo Chocolate Chip Cookie | 1 each", "price": "$2.25", "price_calculation": "$2.25 per 1ea", "category": "Bakery"},
{"title": "Mcvities Digestives Biscuits Milk Chocolate | 266g", "price": "$3.30", "price_calculation": "$1.24 per 100g", "category": "Pantry"},
{"title": "Mini Fruit Pana Di Casa | 1 each", "price": null, "price_calculation": null, "category": "Bakery"},
{"title": "Heinz Ketchup Tomato Sauce | 500mL", "price": "$3.50", "price_calculation": "$0.70 per 100mL", "category": "Pantry"},
{"title": "Coles Finest Butter Croissant Single | 1 each", "price": "$3.00", "price_calculation": "$3.00 per 1ea", "category": "Bakery"},
{"title": "Uncle Tobys Quick Oats Porridge | 1kg", "price": "$6.50", "price_calculation": "$0.65 per 100g", "category": "Pantry"},
{"title": "Coles Finest Pain Au Raisin Single | 1 each", "price": "$3.00", "price_calculation": "$3.00 per 1ea", "category": "Bakery"},
{"title": "Coles Minced Garlic | 250g", "price": "$1.25", "price_calculation": "$0.05 per 10g", "category": "Pantry"},
{"title": "Coles Glitter Hip Hip Hooray Acrylic Plaque Small | 1 each", "price": "$3.00", "price_calculation": "$3.00 per 1ea", "category": "Bakery"},
{"title": "Oreo Double Stuff Original Cookies | 147g", "price": "$1.75", "price_calculation": "$1.19 per 100g", "category": "Pantry"},
{"title": "Helga's Corn Tortilla Wrap | 508g", "price": "$3.00", "price_calculation": "$0.59 per 100g", "category": "Bakery"},
{"title": "Campbell's Real Stock Beef Stock | 1L", "price": "$2.25", "price_calculation": "$0.23 per 100mL", "category": "Pantry"},
{"title": "Helga's 60% Lower Carb Wrap White | 225g", "price": "$3.00", "price_calculation": "$1.33 per 100g", "category": "Bakery"},
{"title": "Nutella Hazelnut Chocolate Spread | 400g", "price": "$5.70", "price_calculation": "$1.43 per 100g", "category": "Pantry"},
{"title": "Coles Vanilla Pride Cupcakes | 4 pack", "price": "$6.00", "price_calculation": "$1.50 per 1ea", "category": "Bakery"},
{"title": "Pringles Sizzling Meat Lovers Pizza Flavour | 118g", "price": "$2.50", "price_calculation": "$2.12 per 100g", "category": "Pantry"},
{"title": "Coles Bakery 50% Lower Carb White Toast Loaf | 680g", "price": "$3.50", "price_calculation": "$0.51 per 100g", "category": "Bakery"},
{"title": "Nestle KitKat Smooth Hazelnut Milk Chocolate Block | 170g", "price": "$2.75", "price_calculation": "$1.62 per 100g", "category": "Pantry"},
{"title": "Coles Bakery 50% Lower Carb White Sandwhich | 680g", "price": "$3.50", "price_calculation": "$0.51 per 100g", "category": "Bakery"},
{"title": "Arnott's Cream Favourites Assorted Biscuits | 500g", "price": "$6.00", "price_calculation": "$1.20 per 100g", "category": "Pantry"},
{"title": "Coles Bakery 50% Lower Carb Rolls | 4 pack", "price": "$3.50", "price_calculation": "$0.88 per 1ea", "category": "Bakery"},
{"title": "Red Rock Deli Potato Chips Sea Salt | 165g", "price": "$6.30", "price_calculation": "$3.82 per 100g", "category": "Pantry"},
{"title": "Coles Bakery Cinnamon Scrolls | 2 pack", "price": null, "price_calculation": null, "category": "Bakery"},
{"title": "Arnott's Cheds Crackers | 250g", "price": "$4.00", "price_calculation": "$1.60 per 100g", "category": "Pantry"},
{"title": "Coles Bakery Salted Caramel Scrolls | 2 pack", "price": null, "price_calculation": null, "category": "Bakery"},
{"title": "Extra Peppermint Sugar Free Chewing Gum | 64g", "price": "$4.50", "price_calculation": "$7.03 per 100g", "category": "Pantry"},
{"title": "Coles Bakery Single BBQ Cheese And Bacon Pizza | 1 pack", "price": "$4.00", "price_calculation": "$4.00 per 1ea", "category": "Bakery"},
{"title": "Doritos Original Corn Chips Salted | 170g", "price": "$3.35", "price_calculation": "$1.97 per 100g", "category": "Pantry"},
{"title": "Coles Bakery Banoffee Turnover | 1 each", "price": "$4.50", "price_calculation": "$4.50 per 1ea", "category": "Bakery"},
{"title": "Coles Bakery Chocolate Cream Filled Profiteroles | 12 pack", "price": "$4.75", "price_calculation": "$0.40 per 1ea", "category": "Bakery"},
{"title": "Coles Bakery Rustic Veggie Scone | 6 pack", "price": "$6.00", "price_calculation": "$1.00 per 1ea", "category": "Bakery"},
{"title": "Coles 70% Lower Carb English Muffins 4 Pack | 200g", "price": "$6.50", "price_calculation": "$32.50 per 1kg", "category": "Bakery"},
{"title": "Coles Finest White Sourdough Cob | 1 each", "price": null, "price_calculation": null, "category": "Bakery"},
{"title": "La Fournee Doree Brioche Swirls With Choc Chips | 300g", "price": "$6.60", "price_calculation": "$2.20 per 100g", "category": "Bakery"},
{"title": "La Fournee Doree Brioche Burger Buns | 250g", "price": "$6.60", "price_calculation": "$2.64 per 100g", "category": "Bakery"},
{"title": "La Fournee Doree Brioche Sliders 10 Pack | 200g", "price": "$6.60", "price_calculation": "$3.30 per 100g", "category": "Bakery"},
{"title": "Genius Gluten Free Wraps | 4 pack", "price": "$6.90", "price_calculation": "$1.73 per 1ea", "category": "Bakery"},
{"title": "Anytime Donuts Caramel Custard With Biscuits & White Chocolate With Caramel 190g | 2 pack", "price": "$7.00", "price_calculation": "$3.50 per 1ea", "category": "Bakery"},
{"title": "Anytime Donuts Cookies & Cream Strawberry Iced 180g | 2 pack", "price": "$7.00", "price_calculation": "$3.50 per 1ea", "category": "Bakery"},
{"title": "Edwards Sourdough Yeast Free Organic Rye Bread | 680g", "price": "$8.50", "price_calculation": "$1.25 per 100g", "category": "Bakery"},
{"title": "Cadbury Dairy Milk Freddo Cupcakes 6 Pack | 270g", "price": "$9.60", "price_calculation": "$3.56 per 100g", "category": "Bakery"},
{"title": "Anytime Donuts Lemon Coconut Strawberry Iced White Choc Caramel Cookies & Cream 360g | 4 pack", "price": "$13.00", "price_calculation": "$3.25 per 1ea", "category": "Bakery"},
{"title": "Coles Bakery Berry Choc Decorated Pavlova | 410g", "price": "$13.50", "price_calculation": "$3.29 per 100g", "category": "Bakery"},
{"title": "Friskies Dry Adult Seven Cat Food | 2.5kg", "price": "$16.50", "price_calculation": "$0.66 per 100g", "category": "Pet"},
{"title": "V.I.P Paws Fresh Adult Chilled Fresh Dog and Cat Food Lean Mince | 3kg", "price": "$17.00", "price_calculation": "$0.57 per 100g", "category": "Pet"},
{"title": "Supercoat Adult With Chicken Dry Dog Food | 2.8kg", "price": "$18.00", "price_calculation": "$0.64 per 100g", "category": "Pet"},
{"title": "Supercoat Adult Healthy Weight With Chicken Dry Dog Food | 2.6kg", "price": "$18.00", "price_calculation": "$0.69 per 100g", "category": "Pet"},
{"title": "Optimum Grainfree Dry Cat Food Adult Chicken | 1.8kg", "price": "$19.00", "price_calculation": "$1.06 per 100g", "category": "Pet"},
{"title": "Vitapet Jerhigh Chicken With Bacon Dog Treats | 400g", "price": "$20.00", "price_calculation": "$5.00 per 100g", "category": "Pet"},
{"title": "Farmers Market Adult Dry Dog Food With Chicken Kibble + Aid Dried Inclusions | 2.2kg", "price": "$21.00", "price_calculation": "$0.95 per 100g", "category": "Pet"},
{"title": "Whiskas Adult Dry Cat Food With Chicken And Rabbit | 3kg", "price": "$21.50", "price_calculation": "$0.72 per 100g", "category": "Pet"},
{"title": "My Dog Adult Wet Dog Food Lamb Classic 100g Trays | 24 pack", "price": "$27.00", "price_calculation": "$1.13 per 100g", "category": "Pet"},
{"title": "Farmers Market Adult Dry Dog Food Chicken With Farm Vegetables | 6.8kg", "price": "$38.00", "price_calculation": "$0.56 per 100g", "category": "Pet"},
{"title": "Pet Treat Bar Fresh Breath Biscuits | approx 100g", "price": "$6.00", "price_calculation": "$60.00 per 1kg", "category": "Pet"},
{"title": "Dine Fine Flakes Tuna & Whitebait Wet Cat Food Pouch | 35g", "price": "$1.60", "price_calculation": "$4.57 per 100g", "category": "Pet"},
{"title": "My Dog Classic Loaf With Succulent Kangaroo Adult Wet Dog Food | 100g", "price": "$1.70", "price_calculation": "$1.70 per 100g", "category": "Pet"},
{"title": "Purina One Adult 1+Years Kitten Chicken Cat Food Pouch | 70g", "price": "$2.00", "price_calculation": "$2.86 per 100g", "category": "Pet"},
{"title": "Woofin Good Chunks In Gravy Chicken Pasta & Veg Dog Food | 400g", "price": "$2.00", "price_calculation": "$0.50 per 100g", "category": "Pet"},
{"title": "Applaws Cat Food Pouch Tuna & Salmon In Jelly | 70g", "price": "$2.20", "price_calculation": "$3.14 per 100g", "category": "Pet"},
{"title": "Applaws Taste Toppers Dog Tin Chicken Breast With Salmon & Vegetables In Broth Dog Food | 156g", "price": "$3.00", "price_calculation": "$1.92 per 100g", "category": "Pet"},
{"title": "Applaws Taste Toppers Dog Tin Chicken Breast In Broth Dog Food | 156g", "price": "$3.00", "price_calculation": "$1.92 per 100g", "category": "Pet"},
{"title": "Coles Dog Food Casserole Lamb Pasta & Vegetable | 1.2kg", "price": "$3.45", "price_calculation": "$0.29 per 100g", "category": "Pet"},
{"title": "Pedigree Mince With Chicken & Rice Puppy Wet Dog Food Can | 700g", "price": "$3.50", "price_calculation": "$0.50 per 100g", "category": "Pet"},
{"title": "Coles Tender Chicken Straps Dog Treat | 200g", "price": "$3.50", "price_calculation": "$1.75 per 100g", "category": "Pet"},
{"title": "Cat & Pals Balls With Bells Cat Toy | 1 pack", "price": "$3.60", "price_calculation": "$3.60 per 1ea", "category": "Pet"},
{"title": "Coles Gold Fish Food Flakes | 36g", "price": "$3.80", "price_calculation": "$10.56 per 100g", "category": "Pet"},
{"title": "Nature's Gift Dog Treats Chicken Straps | 150g", "price": "$4.00", "price_calculation": "$2.67 per 100g", "category": "Pet"},
{"title": "Prime Pantry Nibbles Cat Treat Salmon | 40g", "price": "$4.30", "price_calculation": "$10.75 per 100g", "category": "Pet"},
{"title": "Coles Tropical Fish Food Flakes | 36g", "price": "$4.40", "price_calculation": "$12.22 per 100g", "category": "Pet"},
{"title": "Bow Wow Waste Bags Bone Shaped Dispenser & Refill | 1 pack", "price": "$4.50", "price_calculation": "$4.50 per 1ea", "category": "Pet"},
{"title": "Farmers Market Dog Treats Australian Beef Jerky Strips | 165g", "price": "$5.60", "price_calculation": "$3.39 per 100g", "category": "Pet"},
{"title": "Nature's Gift Adult Wet Dog Food Strips Chicken Carrots & Peas 6x100g | 6 pack", "price": "$5.95", "price_calculation": "$0.99 per 100g", "category": "Pet"},
{"title": "The Natural One Premium Bone Broth For Pets Grass Fed Beef | 500mL", "price": "$6.00", "price_calculation": "$1.20 per 100mL", "category": "Pet"},
{"title": "Woofin Good Chicken Meatballs Dog Food | 750g", "price": "$6.60", "price_calculation": "$0.88 per 100g", "category": "Pet"},
{"title": "Vitapet Cat Litter Tray | 1 each", "price": "$7.50", "price_calculation": "$7.50 per 1ea", "category": "Pet"},
{"title": "Zamipet Happitreats Relax & Calm Dog Treat | 130g", "price": "$7.95", "price_calculation": "$6.12 per 100g", "category": "Pet"},
{"title": "Coles Dog Lead | 1 pack", "price": "$8.00", "price_calculation": "$8.00 per 1ea", "category": "Pet"},
{"title": "My Dog Shredded Meals Kangaroo Dog Food 6x100g | 6 pack", "price": "$8.00", "price_calculation": "$1.33 per 100g", "category": "Pet"},
{"title": "Woofin Good Chicken Mince Dog Food 4XPortions | 740g", "price": "$8.10", "price_calculation": "$1.09 per 100g", "category": "Pet"},
{"title": "3M Lint Pet Roller | 1 each", "price": "$8.50", "price_calculation": "$8.50 per 1ea", "category": "Pet"},
{"title": "Fussy Cat Grain Free Twice as Tasty Adult Wet Cat Food Slices & Fish Jelly  | 12 pack", "price": "$9.45", "price_calculation": "$0.98 per 100g", "category": "Pet"},
{"title": "Whiskas Favourites 7+ Years Mixed In Jelly Cat Food 12x85g | 12 pack", "price": "$12.00", "price_calculation": "$1.18 per 100g", "category": "Pet"},
{"title": "Dine Classic Collection Pouch Cat Food Mixed Selection In Jelly/Gravy 12x85g | 12 pack", "price": "$12.00", "price_calculation": "$1.18 per 100g", "category": "Pet"},
{"title": "Optimum Kitten Healthy Development Chunks In Jelly Salmon Cat Food 12x85g | 12 pack", "price": "$13.00", "price_calculation": "$1.27 per 100g", "category": "Pet"},
{"title": "Purina Total Care Stretchy Grunter Dog Toy | 1 pack", "price": "$14.00", "price_calculation": "$14.00 per 1ea", "category": "Pet"},
{"title": "Bx Earth Dog Deodorising Cologne Spray Cherry Blossom | 250mL", "price": "$14.00", "price_calculation": "$56.00 per 1L", "category": "Pet"},
{"title": "Temptations Cat Treat Hearty Beef | 350g", "price": "$14.00", "price_calculation": "$4.00 per 100g", "category": "Pet"},
{"title": "Applaws Cat Food Multipack Tuna Fillets 70g | 8 pack", "price": "$15.00", "price_calculation": "$2.68 per 100g", "category": "Pet"},
{"title": "Coles Kitchen French Style Dressing Salad Kit | 300g", "price": "$4.50", "price_calculation": "$15.00 per 1kg", "category": "Fruit & Vegetables"},
{"title": "Coles Deli Salad Tubs Small Quinoa Tabouleh | 1 each", "price": "$5.00", "price_calculation": "$5.00 per 1ea", "category": "Fruit & Vegetables"},
{"title": "Coles Fresh Potato Egg & Bacon Salad | 250g", "price": "$5.50", "price_calculation": "$22.00 per 1kg", "category": "Fruit & Vegetables"},
{"title": "Coles Deli Salad Tubs Medium Quinoa Tabouleh | 1 each", "price": "$6.00", "price_calculation": "$6.00 per 1ea", "category": "Fruit & Vegetables"},
{"title": "Coles Salad Medium Tubs Potato Egg & Bacon Salad Salad | 1 each", "price": "$6.00", "price_calculation": "$6.00 per 1ea", "category": "Fruit & Vegetables"},
{"title": "Market Lane Salt And Vinegar Chomp | 400g", "price": "$6.00", "price_calculation": "$15.00 per 1kg", "category": "Fruit & Vegetables"},
{"title": "Coles Deli Salad Tubs Large Quinoa Tabouleh | 1 each", "price": "$7.00", "price_calculation": "$7.00 per 1ea", "category": "Fruit & Vegetables"},
{"title": "Coles Buddha's Hand | 1 each", "price": "$2.40", "price_calculation": "$8.00 per 1kg", "category": "Fruit & Vegetables"},
{"title": "Coles Pine Nuts Prepacked | 200g", "price": "$12.00", "price_calculation": "$60.00 per 1kg", "category": "Fruit & Vegetables"},
{"title": "Market Lane Natural Nut Mix | 1100g", "price": "$20.00", "price_calculation": "$18.18 per 1kg", "category": "Fruit & Vegetables"},
{"title": "Coles Chia Seeds | approx 100g", "price": null, "price_calculation": null, "category": "Fruit & Vegetables"},
{"title": "Coles Almonds Slivered | approx 100g", "price": "$3.00", "price_calculation": "$30.00 per 1kg", "category": "Fruit & Vegetables"},
{"title": "Coles Kent Pumpkin Whole | approx 4Kg", "price": "$12.00", "price_calculation": "$3.00 per 1kg", "category": "Fruit & Vegetables"},
{"title": "Coles Mushroom Dry Shiitake | 20g", "price": "$3.50", "price_calculation": "$17.50 per 1ea", "category": "Fruit & Vegetables"},
{"title": "Coles Deli Salads Tub Small Classic Pasta | 1 each", "price": "$4.00", "price_calculation": "$4.00 per 1ea", "category": "Fruit & Vegetables"},
{"title": "Salad Fresh Pumpkin & Herb Cous Cous Salad | 200g", "price": "$5.50", "price_calculation": "$27.50 per 1kg", "category": "Fruit & Vegetables"},
{"title": "Salad Fresh Sundried Tomato Fetta Salad | 210g", "price": "$5.50", "price_calculation": "$26.19 per 1kg", "category": "Fruit & Vegetables"},
{"title": "Market Lane Pretzel Peanut Butter Nugget | 730g", "price": "$15.00", "price_calculation": "$20.55 per 1kg", "category": "Fruit & Vegetables"},
{"title": "Coles BBQ Kri Kri Peanut | approx 100g", "price": "$2.00", "price_calculation": "$20.00 per 1kg", "category": "Fruit & Vegetables"},
{"title": "Gourmet Garden Thai Seasoning Cold Blended Paste | 80g", "price": "$4.00", "price_calculation": "$0.50 per 10g", "category": "Fruit & Vegetables"},
{"title": "Coles Deli Small Greek Salad | 1 each", "price": "$5.00", "price_calculation": "$5.00 per 1ea", "category": "Fruit & Vegetables"},
{"title": "Coles Pomlife Fresh Pomegranate Arils | 75g", "price": "$6.50", "price_calculation": "$86.68 per 1kg", "category": "Fruit & Vegetables"},
{"title": "Market Lane Honey Nut Medley | 1150g", "price": "$18.00", "price_calculation": "$15.65 per 1kg", "category": "Fruit & Vegetables"},
{"title": "Coles Dark Chocolate Ginger | approx 100g", "price": "$3.00", "price_calculation": "$30.00 per 1kg", "category": "Fruit & Vegetables"},
{"title": "Coles Almond Meal | approx 100g", "price": "$3.00", "price_calculation": "$30.00 per 1kg", "category": "Fruit & Vegetables"},
{"title": "Coles Almond Butter | approx 100g", "price": "$3.50", "price_calculation": "$35.00 per 1kg", "category": "Fruit & Vegetables"},
{"title": "Coles Hemp Seeds | approx 100g", "price": "$4.50", "price_calculation": "$45.00 per 1kg", "category": "Fruit & Vegetables"},
{"title": "Coles Deli Snack Classic Coleslaw Salad Tub | 1 each", "price": "$2.00", "price_calculation": "$2.00 per 1ea", "category": "Fruit & Vegetables"},
{"title": "Coles Yellow Honeydew Melon Half | 1 each", "price": "$2.50", "price_calculation": "$2.50 per 1ea", "category": "Fruit & Vegetables"},
{"title": "Gourmet Garden Lightly Dried Chilli | 10g", "price": "$4.00", "price_calculation": "$4.00 per 10g", "category": "Fruit & Vegetables"},
{"title": "Gourmet Garden Lightly Dried Chives | 4g", "price": "$4.00", "price_calculation": "$10.00 per 10g", "category": "Fruit & Vegetables"},
{"title": "Coles Deli Salads Tub Small Classic Potato | 1 each", "price": "$4.00", "price_calculation": "$4.00 per 1ea", "category": "Fruit & Vegetables"},
{"title": "Coles Kitchen Green Goddess Dressing | 250mL", "price": "$4.50", "price_calculation": "$1.80 per 100mL", "category": "Fruit & Vegetables"},
{"title": "Coles Organic Silverbeet | 1 each", "price": "$6.00", "price_calculation": "$6.00 per 1ea", "category": "Fruit & Vegetables"},
{"title": "Coles Deli Salads Tub Large Classic Coleslaw | 1 each", "price": "$6.00", "price_calculation": "$6.00 per 1ea", "category": "Fruit & Vegetables"},
{"title": "Natural Delights Mini Medjools Cacao Pecan | 227g", "price": "$8.00", "price_calculation": null, "category": "Fruit & Vegetables"},
{"title": "Coles Deli Jumbo Greek Salad Tub | 1 each", "price": "$11.00", "price_calculation": "$11.00 per 1ea", "category": "Fruit & Vegetables"},
{"title": "Coles Raw Power | approx 100g", "price": "$2.20", "price_calculation": "$22.00 per 1kg", "category": "Fruit & Vegetables"},
{"title": "Coles Poblano Green Chillies loose | approx 50g", "price": "$1.50", "price_calculation": "$30.00 per 1kg", "category": "Fruit & Vegetables"},
{"title": "Coles Sliced Almonds | approx 100g", "price": null, "price_calculation": null, "category": "Fruit & Vegetables"},
{"title": "Coles Kalettes Prepack | 200g", "price": null, "price_calculation": null, "category": "Fruit & Vegetables"},
{"title": "Coles Deli Salads Tub Medium Classic Potato | 1 each", "price": "$5.00", "price_calculation": "$5.00 per 1ea", "category": "Fruit & Vegetables"},
{"title": "Coles Organic Garlic Prepacked | 150g", "price": "$11.50", "price_calculation": "$76.67 per 1kg", "category": "Fruit & Vegetables"},
{"title": "Coles White Quinoa | approx 100g", "price": null, "price_calculation": null, "category": "Fruit & Vegetables"},
{"title": "Coles Organic Red Capsicum | approx 200g", "price": "$4.20", "price_calculation": "$21.00 per 1kg", "category": "Fruit & Vegetables"},
{"title": "Coles White Chocolate Candy Speckle Ball | approx. 100g", "price": "$3.00", "price_calculation": "$30.00 per 1kg", "category": "Fruit & Vegetables"},
{"title": "Scoop And Weigh Protein Mix | approx 100g", "price": "$3.00", "price_calculation": "$30.00 per 1kg", "category": "Fruit & Vegetables"},
{"title": "Coles Superfood Mix | approx 100g", "price": "$3.70", "price_calculation": "$37.00 per 1kg", "category": "Fruit & Vegetables"},
{"title": "Sistema To Go Breakfast Bowl 530mL | 1 each", "price": "$6.30", "price_calculation": "$6.30 per 1ea", "category": "Household"},
{"title": "Elmers Gue Cotton Candy | 1 each", "price": "$6.30", "price_calculation": "$6.30 per 1ea", "category": "Household"},
{"title": "Coles Natural Pecans | approx 100g", "price": "$4.50", "price_calculation": "$45.00 per 1kg", "category": "Fruit & Vegetables"},
{"title": "Maxicrop Organic Seaweed Solution | 2L", "price": "$6.30", "price_calculation": "$3.15 per 1L", "category": "Household"},
{"title": "Coles Pottle Natural Macadamias | approx 100g", "price": "$5.70", "price_calculation": "$57.00 per 1kg", "category": "Fruit & Vegetables"},
{"title": "Organic Choice Multi Purpose Wipes | 96 pack", "price": "$6.40", "price_calculation": "$6.67 per 100ea", "category": "Household"},
{"title": "Coles Herb Thai Basil Punnet | 15g", "price": "$3.00", "price_calculation": "$2.00 per 10g", "category": "Fruit & Vegetables"},
{"title": "Duracell Watch 1.5V 377 376 Battery | 1 pack", "price": "$6.50", "price_calculation": "$6.50 per 1ea", "category": "Household"},
{"title": "Coles Deli Salads Tub Medium Classic Pasta | Medium", "price": "$5.00", "price_calculation": "$5.00 per 1ea", "category": "Fruit & Vegetables"},
{"title": "Curtis Stone Ramekin Small | 1 each", "price": "$6.50", "price_calculation": "$6.50 per 1ea", "category": "Household"},
{"title": "Coles Kitchen Chilli Lime Crunchy Noodle Salad Kit | 350g", "price": "$5.50", "price_calculation": "$15.71 per 1kg", "category": "Fruit & Vegetables"},
{"title": "Cook & Dine Pizza Wheel | 1 each", "price": "$6.50", "price_calculation": "$6.50 per 1ea", "category": "Household"},
{"title": "Coles Organic Zucchini | 500g", "price": "$6.00", "price_calculation": "$12.00 per 1kg", "category": "Fruit & Vegetables"},
{"title": "Grillman BBQ 3-In-1 Handbrush | 1 each", "price": "$6.50", "price_calculation": "$6.50 per 1ea", "category": "Household"},
{"title": "Coles Organic Oyster Mushrooms | 100g", "price": "$6.50", "price_calculation": "$65.00 per 1kg", "category": "Fruit & Vegetables"},
{"title": "Fix & Go Control Bottle | 3g", "price": "$6.75", "price_calculation": "$2.25 per 1g", "category": "Household"},
{"title": "Coles Organic Brushed Potatoes Prepacked | 2kg", "price": "$11.00", "price_calculation": "$5.50 per 1kg", "category": "Fruit & Vegetables"},
{"title": "Lamaze Small Clip & Go Plush Assorted | 1 each", "price": "$13.50", "price_calculation": "$13.50 per 1ea", "category": "Household"},
{"title": "Coles Pottle Natural Almonds | approx 100g", "price": "$2.60", "price_calculation": "$26.00 per 1kg", "category": "Fruit & Vegetables"},
{"title": "Coles Super Alkaline Battery AAA | 10 pack", "price": "$6.75", "price_calculation": "$0.68 per 1ea", "category": "Household"},
{"title": "Coles Superboost Pottle | approx 100g", "price": "$2.80", "price_calculation": "$28.00 per 1kg", "category": "Fruit & Vegetables"},
{"title": "Hillmark Stainless Steel Wipes | 20 pack", "price": "$6.80", "price_calculation": "$0.34 per 1ea", "category": "Household"},
{"title": "Coles Pottle Chocolate Almonds | approx 100g", "price": "$3.00", "price_calculation": "$30.00 per 1kg", "category": "Fruit & Vegetables"},
{"title": "Coles Mesh Bags | 3 pack", "price": "$6.80", "price_calculation": "$2.27 per 1ea", "category": "Household"},
{"title": "Coles Dark Chocolate Blueberry | approx 100g", "price": "$4.00", "price_calculation": "$40.00 per 1kg", "category": "Fruit & Vegetables"},
{"title": "Magazine Taste.com.au | 1 each", "price": "$6.99", "price_calculation": "$6.99 per 1ea", "category": "Household"},
{"title": "Coles Pottle Honey Coated Macadamias | approx 100g", "price": "$5.70", "price_calculation": "$57.00 per 1kg", "category": "Fruit & Vegetables"},
{"title": "Elmer's Metallic Glitter Glue 177mL | 1 each", "price": "$6.99", "price_calculation": "$6.99 per 1ea", "category": "Household"},
{"title": "Gourmet Garden Coriander Cold Blended Paste | 80g", "price": "$4.00", "price_calculation": "$0.50 per 10g", "category": "Fruit & Vegetables"},
{"title": "Sistema To Go 2 Yoghurt Pots | 1 pack", "price": "$7.00", "price_calculation": "$7.00 per 1ea", "category": "Household"},
{"title": "Coles Salad Small Tubs Potato Egg & Bacon | 1 each", "price": "$5.00", "price_calculation": "$5.00 per 1ea", "category": "Fruit & Vegetables"},
{"title": "Cook & Dine Table Knives | 4 pack", "price": "$7.00", "price_calculation": "$1.75 per 1ea", "category": "Household"},
{"title": "Coles Organic Beetroot | 250g", "price": "$5.00", "price_calculation": "$20.00 per 1kg", "category": "Fruit & Vegetables"},
{"title": "Lamaze Fruity Teether | 1 each", "price": "$7.00", "price_calculation": "$7.00 per 1ea", "category": "Household"},
{"title": "Coles Kitchen Asian Teriyaki Stir Fry | 400g", "price": "$5.00", "price_calculation": "$12.50 per 1kg", "category": "Fruit & Vegetables"},
{"title": "TKO Out For The Count Flying Insect Killer Odourless | 350g", "price": "$7.00", "price_calculation": "$2.00 per 100g", "category": "Household"},
{"title": "Coles Kitchen Chunky Stir Fry | 400g", "price": "$5.00", "price_calculation": "$12.50 per 1kg", "category": "Fruit & Vegetables"},
{"title": "TKO Out For The Count Multipurpose Insect Killer Odourless | 320g", "price": "$7.00", "price_calculation": "$2.19 per 100g", "category": "Household"},
{"title": "Coles Kitchen Classic Salad Veggie Pasta | 700g", "price": "$7.00", "price_calculation": "$10.00 per 1kg", "category": "Fruit & Vegetables"},
{"title": "Outdoor Life Circle Sprinkler | 1 each", "price": "$7.00", "price_calculation": "$7.00 per 1ea", "category": "Household"},
{"title": "Coles Chocolate Almonds | approx 100g", "price": "$3.00", "price_calculation": "$30.00 per 1kg", "category": "Fruit & Vegetables"},
{"title": "Cook & Dine Loaf Pan | 1 each", "price": "$7.00", "price_calculation": "$7.00 per 1ea", "category": "Household"},
{"title": "Coles Vietnamese Mint Punnet | 15g", "price": "$3.00", "price_calculation": "$2.00 per 10g", "category": "Fruit & Vegetables"},
{"title": "Lamaze My First Rattle Assorted | 1 each", "price": "$14.00", "price_calculation": "$14.00 per 1ea", "category": "Household"},
{"title": "Gourmet Garden Lightly Dried Mixed Herbs Prepacked | 8g", "price": "$4.00", "price_calculation": "$5.00 per 10g", "category": "Fruit & Vegetables"},
{"title": "Jelly Belly 3D Air Freshener Tutti Fruitti | 1 pack", "price": "$7.00", "price_calculation": "$7.00 per 1ea", "category": "Household"},
{"title": "Gourmet Garden Mild Chilli Stir In Paste | 80g", "price": "$4.00", "price_calculation": "$0.50 per 10g", "category": "Fruit & Vegetables"},
{"title": "Rocky Point Black Chip Mulch | 22L", "price": "$7.00", "price_calculation": "$0.32 per 1L", "category": "Household"},
{"title": "Coles Organic Coleslaw | 200g", "price": "$4.50", "price_calculation": "$22.50 per 1kg", "category": "Fruit & Vegetables"},
{"title": "Cook & Dine Tea Towels Trend 2 | 3 pack", "price": "$7.00", "price_calculation": "$2.33 per 1ea", "category": "Household"},
{"title": "Coles Dried Porcini Mushrooms | 20g", "price": "$5.00", "price_calculation": "$250.00 per 1kg", "category": "Fruit & Vegetables"},
{"title": "Cook & Dine Placemats | 2 pack", "price": "$7.00", "price_calculation": "$3.50 per 1ea", "category": "Household"},
{"title": "Coles Organic Green Kale | 1 each", "price": "$5.50", "price_calculation": "$5.50 per 1ea", "category": "Fruit & Vegetables"},
{"title": "Licensed Tea Cups | 1 each", "price": "$7.00", "price_calculation": null, "category": "Household"},
{"title": "Coles Deli Medium Greek Salad | 1 each", "price": "$6.00", "price_calculation": "$6.00 per 1ea", "category": "Fruit & Vegetables"},
{"title": "Dettol Protect 24 Multipurpose Cleaner Trigger Citrus Burst | 500mL", "price": "$7.00", "price_calculation": "$1.40 per 100mL", "category": "Household"},
{"title": "Coles Asian Long Melon | approx 1kg", "price": "$9.00", "price_calculation": "$9.00 per 1kg", "category": "Fruit & Vegetables"},
{"title": "Sabco Mop Head | 1 each", "price": "$7.00", "price_calculation": "$7.00 per 1ea", "category": "Household"},
{"title": "Coles Kitchen Roast Pumpkin Fetta & Walnut Salad | 265g", "price": null, "price_calculation": null, "category": "Fruit & Vegetables"},
{"title": "Kiwi Express Black Shoe Shine | 7mL", "price": "$7.00", "price_calculation": "$100.00 per 100mL", "category": "Household"},
{"title": "Coles Peanut Butter Jar | approx 100g", "price": "$1.40", "price_calculation": "$14.00 per 1kg", "category": "Fruit & Vegetables"},
{"title": "Little Trees Fresh Link Air Freshener | 1 pack", "price": "$7.15", "price_calculation": "$7.15 per 1ea", "category": "Household"},
{"title": "Coles Lunchbox Fruits | approx 100g", "price": "$2.20", "price_calculation": "$22.00 per 1kg", "category": "Fruit & Vegetables"},
{"title": "Decor Match Ups Container 1L | 1 each", "price": "$7.20", "price_calculation": "$7.20 per 1ea", "category": "Household"},
{"title": "Coles Cranberry Sprinkle | approx 100g", "price": "$2.20", "price_calculation": "$22.00 per 1kg", "category": "Fruit & Vegetables"},
{"title": "Korbond Hook & Loop Tape Self Stick | 1 pack", "price": "$7.20", "price_calculation": "$7.20 per 1ea", "category": "Household"},
{"title": "Coles Chocolate Turkish Delight | approx 100g", "price": "$3.00", "price_calculation": "$30.00 per 1kg", "category": "Fruit & Vegetables"},
{"title": "Korbond Hook & Loop Dots Self Stick | 40 pack", "price": "$7.20", "price_calculation": "$0.18 per 1ea", "category": "Household"},
{"title": "Gourmet Garden Lightly Dried Coriander | 8g", "price": "$4.00", "price_calculation": "$5.00 per 10g", "category": "Fruit & Vegetables"},
{"title": "Outdoor Life Freezer | 2 pack", "price": "$7.20", "price_calculation": "$3.60 per 1ea", "category": "Household"},
{"title": "Organic Organic Snacking Carrots | 250g", "price": "$4.00", "price_calculation": "$16.00 per 1kg", "category": "Fruit & Vegetables"},
{"title": "Outdoor Life Mini Ice Bricks | 3 pack", "price": "$7.20", "price_calculation": null, "category": "Household"},
{"title": "Coles Deli Medium Classic Coleslaw Salad Tub | 1 each", "price": "$5.00", "price_calculation": "$5.00 per 1ea", "category": "Fruit & Vegetables"},
{"title": "RID Sunscreen Insect Repellent Combo SPF 50+ | 100mL", "price": "$12.00", "price_calculation": "$12.00 per 100mL", "category": "Household"},
{"title": "Coles Fresh Quinoa Tabouleh Salad | 200g", "price": "$5.50", "price_calculation": "$27.50 per 1kg", "category": "Fruit & Vegetables"},
{"title": "Mirabella LED Globe Fancy Round Bayonet Cap 6 watt Pearl | 1 each", "price": "$7.25", "price_calculation": "$7.25 per 1ea", "category": "Household"},
{"title": "Salad Fresh Mexican Street Corn | 250g", "price": "$5.50", "price_calculation": "$22.00 per 1kg", "category": "Fruit & Vegetables"},
{"title": "Mirabella Globe Led Candle 5.5 watt Pearl | 1 each", "price": "$7.25", "price_calculation": "$7.25 per 1ea", "category": "Household"},
{"title": "Coles Kitchen Veggie Mash | 320g", "price": "$5.50", "price_calculation": "$17.19 per 1kg", "category": "Fruit & Vegetables"},
{"title": "Mirabella Round Clear BC Globe Warm White Filament Led 2W 250 Lumens | 1 each", "price": "$7.25", "price_calculation": "$7.25 per 1ea", "category": "Household"},
{"title": "Coles Organic Red Onions Prepacked | 1kg", "price": "$10.00", "price_calculation": "$10.00 per 1kg", "category": "Fruit & Vegetables"},
{"title": "David Gray Antex Ant Killer Granules | 500g", "price": "$7.30", "price_calculation": "$1.46 per 100g", "category": "Household"},
{"title": "Coles Berry Zest | approx 100g", "price": "$2.50", "price_calculation": "$25.00 per 1kg", "category": "Fruit & Vegetables"},
{"title": "Duck Toilet Fresh Disc Bleach Citrus | 36mL", "price": "$7.30", "price_calculation": "$20.28 per 100mL", "category": "Household"},
{"title": "Coles Dark Choc Apricot Nougat | approx 100g", "price": "$2.80", "price_calculation": "$28.00 per 1kg", "category": "Fruit & Vegetables"},
{"title": "3M Command Adhesive Micro Hooks | 3 pack", "price": "$7.40", "price_calculation": "$7.40 per 1ea", "category": "Household"},
{"title": "Coles Pottle Natural Walnuts | approx 100g", "price": "$2.80", "price_calculation": "$28.00 per 1kg", "category": "Fruit & Vegetables"},
{"title": "Tomy Push N Go Vehicle | 1 each", "price": "$14.95", "price_calculation": "$14.95 per 1ea", "category": "Household"},
{"title": "Coles Roast Herb Select Punnet | 20g", "price": "$3.90", "price_calculation": "$1.95 per 10g", "category": "Fruit & Vegetables"},
{"title": "Mirabella Solar Led Bollard Stake Light | 1 each", "price": "$7.50", "price_calculation": "$7.50 per 1ea", "category": "Household"},
{"title": "Gourmet Garden Italian Herbs Cold Blended Paste | 80g", "price": "$4.00", "price_calculation": "$0.50 per 10g", "category": "Fruit & Vegetables"},
{"title": "Fairy Ultra Dishwashing Concentrate Liquid Original | 495mL", "price": "$7.50", "price_calculation": "$1.52 per 100mL", "category": "Household"},
{"title": "Coles Kitchen Caesar Dressing | 250mL", "price": "$4.50", "price_calculation": "$1.80 per 100mL", "category": "Fruit & Vegetables"},
{"title": "Coles Piel De Sapo Melons Half | 1 each", "price": "$2.90", "price_calculation": "$2.90 per 1ea", "category": "Fruit & Vegetables"},
{"title": "Coles Deluxe Natural Mixed Nuts | approx 100g", "price": "$3.10", "price_calculation": "$31.00 per 1kg", "category": "Fruit & Vegetables"},
{"title": "Coles Kitchen Corn Slaw | 350g", "price": "$3.50", "price_calculation": "$10.00 per 1kg", "category": "Fruit & Vegetables"},
{"title": "Coles Carolina Reaper Chillies | 20g", "price": "$3.80", "price_calculation": "$190.00 per 1kg", "category": "Fruit & Vegetables"},
{"title": "Gourmet Garden Basil Cold Blended Paste | 80g", "price": "$4.00", "price_calculation": "$0.50 per 10g", "category": "Fruit & Vegetables"},
{"title": "Coles Organic Rocket | 100g", "price": "$4.90", "price_calculation": "$49.00 per 1kg", "category": "Fruit & Vegetables"},
{"title": "Coles Kitchen Cheesy Tomato Pasta Salad | 800g", "price": "$7.00", "price_calculation": "$8.75 per 1kg", "category": "Fruit & Vegetables"},
{"title": "Coles Brown Nashi Pears | approx 150g", "price": "$1.49", "price_calculation": "$9.90 per 1kg", "category": "Fruit & Vegetables"},
{"title": "Coles Perform Balanced Chicken Soba Noodle Salad | 320g", "price": "$10.00", "price_calculation": "$3.13 per 100g", "category": "Fruit & Vegetables"},
{"title": "Coles Chestnuts Large | approx 200g", "price": "$2.18", "price_calculation": "$10.90 per 1kg", "category": "Fruit & Vegetables"},
{"title": "Coles Speckles | approx 100g", "price": "$2.50", "price_calculation": "$25.00 per 1kg", "category": "Fruit & Vegetables"},
{"title": "Coles Natural Brazil Nuts | approx 100g", "price": "$5.50", "price_calculation": "$55.00 per 1kg", "category": "Fruit & Vegetables"},
{"title": "Wicked Chocolate Dipping Sauce | 130g", "price": null, "price_calculation": null, "category": "Fruit & Vegetables"},
{"title": "Coles Deli Salads Tub Small Classic Coleslaw | 1 each", "price": "$4.00", "price_calculation": "$4.00 per 1ea", "category": "Fruit & Vegetables"},
{"title": "Coles Celery Sticks Organic | 250g", "price": "$5.00", "price_calculation": "$20.00 per 1kg", "category": "Fruit & Vegetables"},
{"title": "Coles Kitchen Honey Mustard & Crouton Salad Kit | 350g", "price": "$5.50", "price_calculation": "$15.71 per 1kg", "category": "Fruit & Vegetables"},
{"title": "Coles Kitchen Beetslaw With Fetta Salad Bowl | 180g", "price": "$5.50", "price_calculation": "$30.56 per 1kg", "category": "Fruit & Vegetables"},
{"title": "Coles Kitchen Sweet Potato Superfood Salad Bowl | 180g", "price": "$6.50", "price_calculation": "$36.11 per 1kg", "category": "Fruit & Vegetables"},
{"title": "Coles Quinces Medium | approx 200g", "price": "$1.38", "price_calculation": "$6.90 per 1kg", "category": "Fruit & Vegetables"},
{"title": "Coles Kitchen Made For Sharing Salad Kit Greek Style | 300g", "price": "$8.00", "price_calculation": "$26.67 per 1kg", "category": "Fruit & Vegetables"},
{"title": "Coles Coconut Chunks | approx 100g", "price": "$2.00", "price_calculation": "$20.00 per 1kg", "category": "Fruit & Vegetables"},
{"title": "Coles Yoghurt Cranberry | approx 100g", "price": "$2.50", "price_calculation": "$25.00 per 1kg", "category": "Fruit & Vegetables"},
{"title": "Coles Antioxidant Blend | approx 100g", "price": "$3.00", "price_calculation": "$30.00 per 1kg", "category": "Fruit & Vegetables"},
{"title": "Aussie Sprouts Pea Shoots | 100g", "price": "$3.50", "price_calculation": "$35.00 per 1kg", "category": "Fruit & Vegetables"},
{"title": "Coles Organic Beetroot | 500g", "price": "$5.00", "price_calculation": "$10.00 per 1kg", "category": "Fruit & Vegetables"},
{"title": "Coles Kitchen Grains & Hommus | 250g", "price": null, "price_calculation": null, "category": "Fruit & Vegetables"},
{"title": "Coles Kitchen Burger Slaw Salad Kit | 350g", "price": "$5.50", "price_calculation": "$15.71 per 1kg", "category": "Fruit & Vegetables"},
{"title": "Coles Organic Pears | 1kg", "price": "$5.50", "price_calculation": "$5.50 per 1kg", "category": "Fruit & Vegetables"},
{"title": "Coles Organic Stir Fry | 300g", "price": "$6.00", "price_calculation": "$20.00 per 1kg", "category": "Fruit & Vegetables"},
{"title": "Organic Organic Brown Mushrooms | 180g", "price": "$6.60", "price_calculation": "$36.67 per 1kg", "category": "Fruit & Vegetables"},
{"title": "Coles Exotic Oyster Mushrooms | 150g", "price": null, "price_calculation": null, "category": "Fruit & Vegetables"},
{"title": "Coles Snake Beans Bunch | 1 each", "price": "$8.00", "price_calculation": "$8.00 per 1ea", "category": "Fruit & Vegetables"},
{"title": "Coles Sugared Giant Strawberries | approx 100g", "price": "$2.50", "price_calculation": "$25.00 per 1kg", "category": "Fruit & Vegetables"},
{"title": "Coles Sherbert Fizzies | approx 100g", "price": "$2.50", "price_calculation": "$25.00 per 1kg", "category": "Fruit & Vegetables"},
{"title": "Coles Microwave Chestnuts | 200g", "price": "$2.90", "price_calculation": "$14.50 per 1kg", "category": "Fruit & Vegetables"},
{"title": "Coles Organic Continental Parsley | 1 each", "price": "$4.50", "price_calculation": "$4.50 per 1ea", "category": "Fruit & Vegetables"},
{"title": "Coles Organic Brown Onions | 1kg", "price": "$5.50", "price_calculation": "$5.50 per 1kg", "category": "Fruit & Vegetables"},
{"title": "Coles Kitchen Creamy Hoisin Slaw Kit | 350g", "price": "$5.50", "price_calculation": "$15.71 per 1kg", "category": "Fruit & Vegetables"},
{"title": "Coles Organic Brushed Potatoes Prepacked | 1kg", "price": "$6.00", "price_calculation": "$6.00 per 1kg", "category": "Fruit & Vegetables"},
{"title": "Coles Vitality | approx 100g", "price": "$2.80", "price_calculation": "$28.00 per 1kg", "category": "Fruit & Vegetables"},
{"title": "Coles Chai Chocolate Almonds | approx 100g", "price": "$3.00", "price_calculation": "$30.00 per 1kg", "category": "Fruit & Vegetables"},
{"title": "Coles Natural Hazelnuts | approx 100g", "price": "$4.00", "price_calculation": "$40.00 per 1kg", "category": "Fruit & Vegetables"},
{"title": "Coles Mayan Gold Brushed Potatoes | 1kg", "price": "$4.50", "price_calculation": "$4.50 per 1kg", "category": "Fruit & Vegetables"},
{"title": "Coles Melon Honeydew Gold Medium | 1 each", "price": "$5.90", "price_calculation": "$5.90 per 1ea", "category": "Fruit & Vegetables"},
{"title": "Coles Strawberry Dream | approx 100g", "price": "$2.50", "price_calculation": "$25.00 per 1kg", "category": "Fruit & Vegetables"},
{"title": "Coles Pottel Cashews Roast & Salted | approx 100g", "price": "$2.90", "price_calculation": "$29.00 per 1kg", "category": "Fruit & Vegetables"},
{"title": "Coles Pottle Roasted Salted Pistachio | approx 100g", "price": "$3.00", "price_calculation": "$30.00 per 1kg", "category": "Fruit & Vegetables"},
{"title": "Coles Brussels Sprouts Prepack | 400g", "price": null, "price_calculation": null, "category": "Fruit & Vegetables"},
{"title": "Coles Vine Ripened Cherry Tomatoes | 250g", "price": "$4.00", "price_calculation": "$16.00 per 1kg", "category": "Fruit & Vegetables"},
{"title": "Coles Roasted Salted Cashews | approx 100g", "price": "$2.40", "price_calculation": "$24.00 per 1kg", "category": "Fruit & Vegetables"},
{"title": "Coles Asian Baby Buk Choy | 1 each", "price": "$2.50", "price_calculation": "$2.50 per 1ea", "category": "Fruit & Vegetables"},
{"title": "Coles Snow Peas loose | approx 100g", "price": "$1.80", "price_calculation": "$18.00 per 1kg", "category": "Fruit & Vegetables"},
{"title": "Coles Asian Choy Sum | 1 each", "price": "$2.50", "price_calculation": "$2.50 per 1ea", "category": "Fruit & Vegetables"},
{"title": "Coles Dry Roasted Almonds | 750g", "price": "$13.00", "price_calculation": "$17.33 per 1kg", "category": "Fruit & Vegetables"},
{"title": "Coles Carisma Washed Potatoes | 2kg", "price": "$7.50", "price_calculation": "$3.75 per 1kg", "category": "Fruit & Vegetables"},
{"title": "Coles Topless Pineapple | 1 each", "price": "$5.90", "price_calculation": "$5.90 per 1ea", "category": "Fruit & Vegetables"},
{"title": "Coles Roma Tomatoes | 480g", "price": "$6.90", "price_calculation": "$14.38 per 1kg", "category": "Fruit & Vegetables"},
{"title": "Coles Yellow Capsicum | approx 320g", "price": "$3.17", "price_calculation": "$9.90 per 1kg", "category": "Fruit & Vegetables"},
{"title": "Coles Brussels Sprouts loose | approx 400g", "price": "$4.36", "price_calculation": "$10.90 per 1kg", "category": "Fruit & Vegetables"},
{"title": "Coles Ambrosia Apples | approx 170g", "price": "$1.10", "price_calculation": "$6.50 per 1kg", "category": "Fruit & Vegetables"},
{"title": "Coles Baby Red Royale Potatoes Prepacked | 1kg", "price": "$3.80", "price_calculation": "$3.80 per 1kg", "category": "Fruit & Vegetables"},
{"title": "Coles Packham Pears 1Kg | 1 each", "price": "$3.90", "price_calculation": "$3.90 per 1kg", "category": "Fruit & Vegetables"},
{"title": "Coles Silverbeet Medium | 1 each", "price": "$4.50", "price_calculation": "$4.50 per 1ea", "category": "Fruit & Vegetables"},
{"title": "Coles Roasted & Salted Cashews | 400g", "price": "$8.00", "price_calculation": "$20.00 per 1kg", "category": "Fruit & Vegetables"},
{"title": "Coles Natural Almonds | 750g", "price": "$13.00", "price_calculation": "$17.33 per 1kg", "category": "Fruit & Vegetables"},
{"title": "Coles Natural Walnuts | approx 100g", "price": "$2.50", "price_calculation": "$25.00 per 1kg", "category": "Fruit & Vegetables"},
{"title": "Bean Shoots Prepacked | 250g", "price": "$2.40", "price_calculation": "$9.60 per 1kg", "category": "Fruit & Vegetables"},
{"title": "Coles I'm Perfect Sweet Potato | 1.5kg", "price": "$4.50", "price_calculation": "$3.00 per 1kg", "category": "Fruit & Vegetables"},
{"title": "Coles Kitchen Fine Cut Coleslaw | 300g", "price": "$3.00", "price_calculation": "$10.00 per 1kg", "category": "Fruit & Vegetables"},
{"title": "Coles Specialty Red Seedless Grapes Prepacked | 500g", "price": "$5.00", "price_calculation": "$10.00 per 1kg", "category": "Fruit & Vegetables"},
{"title": "Coles White Seedless Grapes | 400g", "price": "$4.50", "price_calculation": "$11.25 per 1kg", "category": "Fruit & Vegetables"},
{"title": "Coles Asian Choy Buk | 1 each", "price": "$2.50", "price_calculation": "$2.50 per 1ea", "category": "Fruit & Vegetables"},
{"title": "Coles Baby Brussel Sprouts | 200g", "price": "$3.00", "price_calculation": "$15.00 per 1kg", "category": "Fruit & Vegetables"},
{"title": "Coles Spinach & Rocket | 60g", "price": "$2.00", "price_calculation": "$33.34 per 1kg", "category": "Fruit & Vegetables"},
{"title": "Coles I'M Perfect Capsicums | 800g", "price": "$4.90", "price_calculation": "$6.13 per 1kg", "category": "Fruit & Vegetables"},
{"title": "Coles Green Kiwifruit Prepacked | 8 pack", "price": "$5.90", "price_calculation": "$0.74 per 1ea", "category": "Fruit & Vegetables"},
{"title": "Coles Birdseye Chillies | approx 50g", "price": "$1.70", "price_calculation": "$34.00 per 1kg", "category": "Fruit & Vegetables"},
{"title": "Coles Kitchen Asian Style Salad Kit | 350g", "price": "$5.50", "price_calculation": "$15.71 per 1kg", "category": "Fruit & Vegetables"},
{"title": "Coles Wombok Chinese Cabbage Wombok Petite | 2 pack", "price": "$5.50", "price_calculation": "$2.75 per 1ea", "category": "Fruit & Vegetables"},
{"title": "Coles Avocados Prepacked 5 Pack | 1 each", "price": "$6.90", "price_calculation": "$6.90 per 1ea", "category": "Fruit & Vegetables"},
{"title": "Coles I'mperfect Mandarins Prepacked | 1kg", "price": "$2.90", "price_calculation": "$2.90 per 1kg", "category": "Fruit & Vegetables"},
{"title": "Coles I'M Perfect Pears Prepacked | 1.5kg", "price": "$2.90", "price_calculation": "$1.93 per 1kg", "category": "Fruit & Vegetables"},
{"title": "Coles Half Red Cabbage | 1 each", "price": "$2.90", "price_calculation": "$2.90 per 1ea", "category": "Fruit & Vegetables"},
{"title": "Coles Green Kale | 1 each", "price": "$4.90", "price_calculation": "$4.90 per 1ea", "category": "Fruit & Vegetables"},
{"title": "Coles Royal Honey Mandarins | approx 180g", "price": "$0.70", "price_calculation": "$3.90 per 1kg", "category": "Fruit & Vegetables"},
{"title": "Coles Organic Kent Pumpkin | approx 800g", "price": "$3.36", "price_calculation": "$4.20 per 1kg", "category": "Fruit & Vegetables"},
{"title": "Coles Onions Little Tractor | 2kg", "price": "$5.50", "price_calculation": "$2.75 per 1kg", "category": "Fruit & Vegetables"},
{"title": "Coles Butter Leaf Blend | 120g", "price": "$3.50", "price_calculation": "$29.17 per 1kg", "category": "Fruit & Vegetables"},
{"title": "Coles Baby Brown Onions | 500g", "price": "$2.00", "price_calculation": "$4.00 per 1kg", "category": "Fruit & Vegetables"},
{"title": "Coles Kestrel Potatoes Prepacked | 2kg", "price": "$6.00", "price_calculation": "$3.00 per 1kg", "category": "Fruit & Vegetables"},
{"title": "Coles Large Grapefruit Ruby Red | approx 375g", "price": "$1.46", "price_calculation": "$3.90 per 1kg", "category": "Fruit & Vegetables"},
{"title": "Coles Kitchen Kaleslaw Salad Kit | 350g", "price": "$5.50", "price_calculation": "$15.71 per 1kg", "category": "Fruit & Vegetables"},
{"title": "Unicorn Classic Triple Cream Brie | 125g", "price": "$5.50", "price_calculation": "$44.00 per 1kg", "category": "Dairy, Eggs & Fridge"},
{"title": "Unicorn Classic Brie Chilli | 125g", "price": "$5.50", "price_calculation": "$44.00 per 1kg", "category": "Dairy, Eggs & Fridge"},
{"title": "Dilmah Chamomile Tea Bags | 10 pack", "price": "$4.30", "price_calculation": "$0.43 per 1ea", "category": "Drinks"},
{"title": "Ipastai Linguine | 350g", "price": "$5.50", "price_calculation": "$1.57 per 100g", "category": "Dairy, Eggs & Fridge"},
{"title": "Fever-Tree Premium Mixer Light Indian Tonic Water | 500mL", "price": "$4.40", "price_calculation": "$8.80 per 1L", "category": "Drinks"},
{"title": "Coles Gorgonzola Dolce | 200g", "price": "$5.70", "price_calculation": "$28.50 per 1kg", "category": "Dairy, Eggs & Fridge"},
{"title": "Vittoria Italian Nespresso Compatible Coffee Capsules | 10 pack", "price": "$4.50", "price_calculation": "$0.45 per 1ea", "category": "Drinks"},
{"title": "La Espanola Olive Oil Light & Mild | 1L", "price": "$10.00", "price_calculation": "$1.00 per 100mL", "category": "Pantry"},
{"title": "Coles Australian Made Double Smoked Leg Ham | 150g", "price": "$5.70", "price_calculation": "$38.00 per 1kg", "category": "Dairy, Eggs & Fridge"},
{"title": "H2aloe Aloe Vera Water with Watermelon | 1L", "price": "$4.60", "price_calculation": "$4.60 per 1L", "category": "Drinks"},
{"title": "Coles Pasta Spaghetti | 500g", "price": "$0.90", "price_calculation": "$0.18 per 100g", "category": "Pantry"},
{"title": "Coles Dutch Gouda | 265g", "price": "$6.00", "price_calculation": "$22.64 per 1kg", "category": "Dairy, Eggs & Fridge"},
{"title": "Mr D's Cola Fruit Drink Chilled | 2L", "price": "$4.60", "price_calculation": "$2.30 per 1L", "category": "Drinks"},
{"title": "Edgell Black Beans | 400g", "price": "$1.70", "price_calculation": "$4.25 per 1kg", "category": "Pantry"},
{"title": "Coles Dutch Maasdam | 260g", "price": "$6.00", "price_calculation": "$23.08 per 1kg", "category": "Dairy, Eggs & Fridge"},
{"title": "Celestial Seasonings Bengal Spice Tea Bags 20 pack | 47g", "price": "$5.00", "price_calculation": "$0.25 per 1ea", "category": "Drinks"},
{"title": "Edgell Chickpeas | 400g", "price": "$1.70", "price_calculation": "$4.25 per 1kg", "category": "Pantry"},
{"title": "Coles Finest Angus Beef Ragu Ravioli | 350g", "price": "$6.00", "price_calculation": "$1.71 per 100g", "category": "Dairy, Eggs & Fridge"},
{"title": "Madura English Breakfast Tea Bags 50 pack | 100g", "price": "$5.45", "price_calculation": "$0.11 per 1ea", "category": "Drinks"},
{"title": "Sanitarium Weet Bix Breakfast Cereal | 575g", "price": "$4.40", "price_calculation": "$0.77 per 100g", "category": "Pantry"},
{"title": "Unicorn Selections Truffle Brie | 125g", "price": "$6.00", "price_calculation": "$48.00 per 1kg", "category": "Dairy, Eggs & Fridge"},
{"title": "Campbell's V8 Pineapple Passion Fruit Juice | 1.25L", "price": "$5.50", "price_calculation": "$4.40 per 1L", "category": "Drinks"},
{"title": "Smith's Crinkle Original Potato Chips | 380g", "price": "$6.00", "price_calculation": "$1.58 per 100g", "category": "Pantry"},
{"title": "Rana Panfry Filled Gnocchi Cheese | 280g", "price": "$6.00", "price_calculation": "$2.14 per 100g", "category": "Dairy, Eggs & Fridge"},
{"title": "Queen Victoria Honey & Vanilla Camomile Tea Bags | 100 pack", "price": "$5.50", "price_calculation": "$0.06 per 1ea", "category": "Drinks"},
{"title": "Poppin Triple Butter Microwave Popcorn | 400g", "price": "$7.00", "price_calculation": "$1.75 per 100g", "category": "Pantry"},
{"title": "Yumis Classic Veggie Burger 2 pack | 220g", "price": "$6.00", "price_calculation": "$2.73 per 100g", "category": "Dairy, Eggs & Fridge"},
{"title": "Queen Victoria Peppermint Tea Bags | 100 pack", "price": "$5.50", "price_calculation": "$0.06 per 1ea", "category": "Drinks"},
{"title": "Cadbury Favourites Boxed Chocolate | 520g", "price": "$11.00", "price_calculation": "$2.12 per 100g", "category": "Pantry"},
{"title": "The Grange Farm Cage Free Eggs 12Pack | 700g", "price": "$6.30", "price_calculation": "$0.90 per 100g", "category": "Dairy, Eggs & Fridge"},
{"title": "L'OR Espresso Caramel Capsules | 10 pack", "price": "$5.50", "price_calculation": "$0.55 per 1ea", "category": "Drinks"},
{"title": "Coles Microwave Popcorn Butter | 100g", "price": "$0.95", "price_calculation": "$0.95 per 100g", "category": "Pantry"},
{"title": "Emborg Camembert | 200g", "price": "$6.40", "price_calculation": "$32.00 per 1kg", "category": "Dairy, Eggs & Fridge"},
{"title": "Espressotoria Vittoria Coffee Mountain Grown Coffee Capsules | 12 pack", "price": "$6.00", "price_calculation": "$0.50 per 1ea", "category": "Drinks"},
{"title": "CSR Caster Sugar | 1kg", "price": "$3.00", "price_calculation": "$0.30 per 100g", "category": "Pantry"},
{"title": "South Cape Danish Style Fetta | 200g", "price": "$6.45", "price_calculation": "$32.25 per 1kg", "category": "Dairy, Eggs & Fridge"},
{"title": "Nerada Cup Or Pot Tea Bags 200 pack | 400g", "price": "$6.00", "price_calculation": "$0.03 per 1ea", "category": "Drinks"},
{"title": "Arnott's Monte Carlo Biscuits | 250g", "price": "$3.00", "price_calculation": "$1.20 per 100g", "category": "Pantry"},
{"title": "Coles Kitchen Cauliflower Cheese | 350g", "price": null, "price_calculation": null, "category": "Dairy, Eggs & Fridge"},
{"title": "Capi Dry Tonic Water | 4 pack", "price": "$6.00", "price_calculation": "$6.00 per 1L", "category": "Drinks"},
{"title": "Kettle Natives Lime & Pepper | 150g", "price": "$3.00", "price_calculation": "$2.00 per 100g", "category": "Pantry"},
{"title": "Vegie Delights Plant Based Chorizo Vegie Sausages | 300g", "price": "$6.50", "price_calculation": "$2.17 per 100g", "category": "Dairy, Eggs & Fridge"},
{"title": "Queen Victoria  English Breakfast Extra Strong Tea Bags | 50 pack", "price": "$6.00", "price_calculation": "$0.12 per 1ea", "category": "Drinks"},
{"title": "Pic's Really Good Crunchy Peanut Butter | 380g", "price": "$7.50", "price_calculation": "$1.97 per 100g", "category": "Pantry"},
{"title": "Chris' Heritage Blue Cheese Fig & Pistachio Savoury Dip | 170g", "price": "$7.00", "price_calculation": "$4.12 per 100g", "category": "Dairy, Eggs & Fridge"},
{"title": "Sunraysia Juice Plus Cranberry | 1L", "price": "$6.30", "price_calculation": "$6.30 per 1L", "category": "Drinks"},
{"title": "Cadbury Favourites Boxed Chocolate | 340g", "price": "$16.00", "price_calculation": "$4.71 per 100g", "category": "Pantry"},
{"title": "Primo Australian Made Middle Bacon | 200g", "price": "$7.00", "price_calculation": "$35.00 per 1kg", "category": "Dairy, Eggs & Fridge"},
{"title": "Fever-Tree Premium Mixers Indian Tonic Water 4x200mL | 4 pack", "price": "$6.50", "price_calculation": "$8.13 per 1L", "category": "Drinks"},
{"title": "Coles Basmati Rice | 5kg", "price": "$18.00", "price_calculation": "$0.36 per 100g", "category": "Pantry"},
{"title": "Bio Cheese Pizza Shred | 200g", "price": "$7.20", "price_calculation": "$36.00 per 1kg", "category": "Dairy, Eggs & Fridge"},
{"title": "Madura Green Leaf Tea | 175g", "price": "$6.60", "price_calculation": "$3.77 per 100g", "category": "Drinks"},
{"title": "Coles Durum Wheat Pasta Macaroni | 500g", "price": "$1.00", "price_calculation": "$0.20 per 100g", "category": "Pantry"},
{"title": "National Pie Beef Pepper 2 Pack | 360g", "price": "$7.45", "price_calculation": "$2.07 per 100g", "category": "Dairy, Eggs & Fridge"},
{"title": "Madura Premium Blend Black Leaf Tea | 200g", "price": "$6.60", "price_calculation": "$3.30 per 100g", "category": "Drinks"},
{"title": "Coles Durum Wheat Pasta Rigatoni | 500g", "price": "$1.00", "price_calculation": "$0.20 per 100g", "category": "Pantry"},
{"title": "Norco Natural Dairy Cheese Slices 12 Pack | 250g", "price": "$7.90", "price_calculation": "$31.60 per 1kg", "category": "Dairy, Eggs & Fridge"},
{"title": "Schweppes Mixers Natural Mineral Water 300mL Bottles | 4 pack", "price": "$6.90", "price_calculation": "$5.75 per 1L", "category": "Drinks"},
{"title": "Campbell's Country Ladle Soup Can Minestrone | 495g", "price": "$2.25", "price_calculation": "$0.45 per 100g", "category": "Pantry"},
{"title": "National Beef Rolls 360g | 6 pack", "price": "$8.00", "price_calculation": "$2.22 per 100g", "category": "Dairy, Eggs & Fridge"},
{"title": "Madame Flavour Caffeine Free Lemongrass Lime & Ginger Tisane Tea Bags 18 pack | 36g", "price": "$7.00", "price_calculation": "$0.39 per 1ea", "category": "Drinks"},
{"title": "Sakata Seaweed Rice Crackers Gluten Free | 90g", "price": "$2.30", "price_calculation": "$2.56 per 100g", "category": "Pantry"},
{"title": "Jalna Pot Set Coconut Yoghurt | 1kg", "price": "$8.30", "price_calculation": "$0.83 per 100g", "category": "Dairy, Eggs & Fridge"},
{"title": "Arkadia 99% Sugar Free Honey & Ginger Chai Tea | 200g", "price": "$7.00", "price_calculation": "$3.50 per 100g", "category": "Drinks"},
{"title": "Continental Cup A Soup Creamy Chicken With Lots Of Noodles Serves 2 | 60g", "price": "$2.80", "price_calculation": "$4.67 per 100g", "category": "Pantry"},
{"title": "Dodoni Halloumi | 225g", "price": "$8.50", "price_calculation": "$37.78 per 1kg", "category": "Dairy, Eggs & Fridge"},
{"title": "Twinings Pure Peppermint Herbal Infusions Tea Bags 40 pack | 80g", "price": "$7.00", "price_calculation": "$0.18 per 1ea", "category": "Drinks"},
{"title": "Cadbury Old Gold Jamaica Rum N Raisin Dark Chocolate Block | 180g", "price": "$3.85", "price_calculation": "$2.14 per 100g", "category": "Pantry"},
{"title": "Latina Agnolotti Sweet Potato & Parmesan Filled Pasta | 625g", "price": "$8.50", "price_calculation": "$1.36 per 100g", "category": "Dairy, Eggs & Fridge"},
{"title": "Mother Razzleberry Multipack Cans 4 X 500mL | 4 pack", "price": "$7.40", "price_calculation": "$3.70 per 1L", "category": "Drinks"},
{"title": "Coles Creamed Corn | 420g", "price": "$1.10", "price_calculation": "$2.62 per 1kg", "category": "Pantry"},
{"title": "Mersey Valley Club Dairy Original Vintage Cheddar Cheese | 180g", "price": "$8.65", "price_calculation": "$48.06 per 1kg", "category": "Dairy, Eggs & Fridge"},
{"title": "Vittoria Coffee Bags Espresso Blend | 20 pack", "price": "$7.50", "price_calculation": "$0.38 per 1ea", "category": "Drinks"},
{"title": "Coles Asia Premium Thai Coconut Mil | 400mL", "price": "$2.00", "price_calculation": "$0.50 per 100mL", "category": "Pantry"},
{"title": "Latina Fresh Gluten Free Ricotta & Spinach Agnolotti | 280g", "price": "$8.75", "price_calculation": "$3.13 per 100g", "category": "Dairy, Eggs & Fridge"},
{"title": "Bonvit Tea Bags Dandelion | 32 pack", "price": "$8.50", "price_calculation": "$0.27 per 1ea", "category": "Drinks"},
{"title": "Pringles Sour Cream & Onion Stacked Potato Chips | 53g", "price": "$2.50", "price_calculation": "$4.72 per 100g", "category": "Pantry"},
{"title": "Perfect Italiano 4 Cheese Melt | 450g", "price": "$9.00", "price_calculation": "$20.00 per 1kg", "category": "Dairy, Eggs & Fridge"},
{"title": "Lindt Hot Choc Flakes Dark Tin | 210g", "price": "$9.00", "price_calculation": "$4.29 per 100g", "category": "Drinks"},
{"title": "Kewpie Japanese Dressing Roasted Sesame | 210mL", "price": "$4.15", "price_calculation": "$1.98 per 100mL", "category": "Pantry"},
{"title": "Coles Finest Thai Red Chicken Curry | 400g", "price": null, "price_calculation": null, "category": "Dairy, Eggs & Fridge"},
{"title": "Coca-Cola Zero Sugar Vanilla Soft Drink Multipack Bottles 12x300mL | 12 pack", "price": "$9.10", "price_calculation": "$2.53 per 1L", "category": "Drinks"},
{"title": "Coles Durum Wheat Pasta Penne Rigate | 500g", "price": "$1.00", "price_calculation": "$0.20 per 100g", "category": "Pantry"},
{"title": "Coles Finest Chicken And Pancetta Carbonara Linguine | 400g", "price": null, "price_calculation": null, "category": "Dairy, Eggs & Fridge"},
{"title": "Powerade Isotonic Berry Ice Powder | 500g", "price": "$10.40", "price_calculation": "$2.08 per 100g", "category": "Drinks"},
{"title": "Sunrice Flavoured Rice Cakes Sour Cream & Chives | 160g", "price": "$2.50", "price_calculation": "$1.56 per 100g", "category": "Pantry"},
{"title": "Dineamic Malaysian Chicken Rice | 360g", "price": "$9.85", "price_calculation": "$2.74 per 100g", "category": "Dairy, Eggs & Fridge"},
{"title": "Robert Timms Gold Colombia Coffee Bags Strong 160g | 28 Pack", "price": "$13.50", "price_calculation": "$0.48 per 1ea", "category": "Drinks"},
{"title": "Maggi Fusian Mi Goreng Hot And Spicy Flavour Noodles 5 Pack | 365g", "price": "$2.75", "price_calculation": "$0.75 per 100g", "category": "Pantry"},
{"title": "Coles Perform Lean Thai Green Chicken Curry | 400g", "price": "$9.95", "price_calculation": "$2.49 per 100g", "category": "Dairy, Eggs & Fridge"},
{"title": "Twinings Everyday Black | 100 pack", "price": "$13.50", "price_calculation": "$0.14 per 1ea", "category": "Drinks"},
{"title": "Arnott's Tiny Teddy Multipack Chocolate 8 Pack | 200g", "price": "$3.50", "price_calculation": "$1.75 per 100g", "category": "Pantry"},
{"title": "Mainland Tasty Cheese Block | 500g", "price": "$10.00", "price_calculation": "$20.00 per 1kg", "category": "Dairy, Eggs & Fridge"},
{"title": "Robert Timms Mocha Kenya Style Coffee Bags 160g | 28 Pack", "price": "$13.50", "price_calculation": "$0.48 per 1ea", "category": "Drinks"},
{"title": "Nutella Hazelnut Spread With Cocoa | 1kg", "price": "$11.00", "price_calculation": "$1.10 per 100g", "category": "Pantry"},
{"title": "Ready Chef Cheesy Mash | 800g", "price": "$10.00", "price_calculation": "$1.25 per 100g", "category": "Dairy, Eggs & Fridge"},
{"title": "Illy Classico Ground Coffee | 250g", "price": "$14.50", "price_calculation": "$5.80 per 100g", "category": "Drinks"},
{"title": "Cadbury Twirl Caramilk Chocolate Bars | 39g", "price": "$1.00", "price_calculation": "$2.56 per 100g", "category": "Pantry"},
{"title": "Keep It Cleaner Fermented Vegetable Vegan Kimchi | 400g", "price": "$10.80", "price_calculation": "$2.70 per 100g", "category": "Dairy, Eggs & Fridge"},
{"title": "Nescafe Gold Smooth Mild Ground Coffee | 180g", "price": "$15.00", "price_calculation": "$8.33 per 100g", "category": "Drinks"},
{"title": "Indomie Mi Goreng Fried Noodle Cup | 75g", "price": "$1.50", "price_calculation": "$2.00 per 100g", "category": "Pantry"},
{"title": "Coyo Organic Coconut Yoghurt Vanilla Bean | 900g", "price": "$12.00", "price_calculation": "$1.33 per 100g", "category": "Dairy, Eggs & Fridge"},
{"title": "Red Bull Energy Drink Multipack 473mL | 4 pack", "price": "$17.45", "price_calculation": "$9.22 per 1L", "category": "Drinks"},
{"title": "John West Tempters Chilli Tuna | 95g", "price": "$2.00", "price_calculation": "$21.05 per 1kg", "category": "Pantry"},
{"title": "Coles Kitchen Zucchini Slice | 700g", "price": "$13.50", "price_calculation": "$1.93 per 100g", "category": "Dairy, Eggs & Fridge"},
{"title": "Moccona Barista Reserve Medium Roast Coffee Beans | 1kg", "price": "$19.50", "price_calculation": "$1.95 per 100g", "category": "Drinks"},
{"title": "Campbell's Real Stock Vegetable Stock | 1L", "price": "$2.25", "price_calculation": "$0.23 per 100mL", "category": "Pantry"},
{"title": "Cracker Barrel Extra Sharp Cheese Block | 500g", "price": "$13.80", "price_calculation": "$27.60 per 1kg", "category": "Dairy, Eggs & Fridge"},
{"title": "L'OR Espresso Lungo Profondo Capsules | 40 pack", "price": "$22.00", "price_calculation": "$0.55 per 1ea", "category": "Drinks"},
{"title": "Maggi 2 Minute Noodles Chicken Single Cup | 60g", "price": "$2.50", "price_calculation": "$4.17 per 100g", "category": "Pantry"},
{"title": "Coles Finest Macaroni And Cheese | 700g", "price": null, "price_calculation": null, "category": "Dairy, Eggs & Fridge"},
{"title": "Vittoria Latte Beans Coffee | 1kg", "price": "$22.00", "price_calculation": "$2.20 per 100g", "category": "Drinks"},
{"title": "Continental Cup A Soup Creamy Chicken with Croutons Serves 2 | 60g", "price": "$2.80", "price_calculation": "$4.67 per 100g", "category": "Pantry"},
{"title": "Coles Kitchen Chicken & Mushroom Pie | 700g", "price": "$14.50", "price_calculation": "$2.07 per 100g", "category": "Dairy, Eggs & Fridge"},
{"title": "Vittoria Special Italian Blend Coffee Beans  | 1kg", "price": "$24.00", "price_calculation": "$2.40 per 100g", "category": "Drinks"},
{"title": "Coles Lentils Beans | 420g", "price": "$1.00", "price_calculation": "$2.38 per 1kg", "category": "Pantry"},
{"title": "Coles Deli Delre Dutch Smoked Cheese | approx 250g", "price": "$9.00", "price_calculation": "$36.00 per 1kg", "category": "Dairy, Eggs & Fridge"},
{"title": "Nexba Crafted Sugar Free Pineapple | 1L", "price": "$2.00", "price_calculation": "$2.00 per 1L", "category": "Drinks"},
{"title": "Annalisa BPA Free Diced Tomatoes | 400g", "price": "$1.70", "price_calculation": "$4.25 per 1kg", "category": "Pantry"},
{"title": "Premier Selection Appleblossom Smoked Cheddar | approx 100g", "price": "$5.50", "price_calculation": "$55.00 per 1kg", "category": "Dairy, Eggs & Fridge"},
{"title": "Powerade Active Water Sports Drink Lemon | 600mL", "price": "$2.30", "price_calculation": "$3.83 per 1L", "category": "Drinks"},
{"title": "Campbell's Country Ladle Soup Can Chicken & Sweet Corn | 505g", "price": "$2.25", "price_calculation": "$0.45 per 100g", "category": "Pantry"},
{"title": "King Island Dairy Smoked Cheddar Cheese | approx200g", "price": "$11.40", "price_calculation": "$57.00 per 1kg", "category": "Dairy, Eggs & Fridge"},
{"title": "Australia's Own A2 Protein Full Cream Milk | 1L", "price": "$2.50", "price_calculation": "$2.50 per 1L", "category": "Drinks"},
{"title": "Campbell's Chunky Soup Can Beef & Veg | 505g", "price": "$2.25", "price_calculation": "$0.45 per 100g", "category": "Pantry"},
{"title": "King Island Dairy Half Moon Bay Double Brie | approx100g", "price": "$6.35", "price_calculation": "$63.50 per 1kg", "category": "Dairy, Eggs & Fridge"},
{"title": "Nexba Classic No Sugar Tonic Water | 1L", "price": "$2.50", "price_calculation": "$2.50 per 1L", "category": "Drinks"},
{"title": "Cadbury Dairy Milk Chocolate Sharepack | 144g", "price": "$3.50", "price_calculation": null, "category": "Pantry"},
{"title": "Aeroplane Ready To Eat Pineapple Jelly | 120g", "price": "$1.40", "price_calculation": "$1.17 per 100g", "category": "Dairy, Eggs & Fridge"},
{"title": "Golden Circle Refreshers Tropical Sunrise Flavoured Water Drink 250mL | 6 pack", "price": "$3.50", "price_calculation": "$2.33 per 1L", "category": "Drinks"},
{"title": "Heinz Beanz Tomato Sauce 3 pack | 300g", "price": "$6.00", "price_calculation": "$6.67 per 1kg", "category": "Pantry"},
{"title": "Yoplait Pouch Strawberry Jam Donut | 130g", "price": "$1.80", "price_calculation": "$1.38 per 100g", "category": "Dairy, Eggs & Fridge"},
{"title": "Golden Circle Cordial Lime Crush Cordial | 2L", "price": "$3.90", "price_calculation": "$1.95 per 1L", "category": "Drinks"},
{"title": "La Espanola Extra Virgin Olive Oil Mild Flavour | 1L", "price": "$10.00", "price_calculation": "$1.00 per 100mL", "category": "Pantry"},
{"title": "Emma & Tom's Karmarama Juice Chilled | 350mL", "price": "$3.90", "price_calculation": "$11.14 per 1L", "category": "Drinks"},
{"title": "Sunrice Medium Grain White Rice | 5kg", "price": "$19.00", "price_calculation": "$0.38 per 100g", "category": "Pantry"},
{"title": "Cadbury Cherry Ripe Chocolate Bar | 52g", "price": "$1.00", "price_calculation": "$1.92 per 100g", "category": "Pantry"},
{"title": "Cadbury Dairy Milk Large Chocolate Block | 360g", "price": "$6.00", "price_calculation": "$1.67 per 100g", "category": "Pantry"},
{"title": "Sunbites Grain Waves Sweet Chilli Chips | 170g", "price": "$2.40", "price_calculation": "$1.41 per 100g", "category": "Pantry"},
{"title": "OBAP Roasted Seasoned Seaweed 8 Pack | 40g", "price": "$5.45", "price_calculation": "$13.63 per 100g", "category": "Pantry"},
{"title": "Coles White Plain Flour | 2kg", "price": "$2.20", "price_calculation": "$1.10 per 1kg", "category": "Pantry"},
{"title": "Coles Raw Sugar | 1kg", "price": "$1.80", "price_calculation": "$0.18 per 100g", "category": "Pantry"},
{"title": "Coles Coconut Cream | 400mL", "price": "$1.00", "price_calculation": "$0.25 per 100mL", "category": "Pantry"},
{"title": "Arnott's Shapes Original Pizza Cracker Biscuits | 190g", "price": "$2.75", "price_calculation": "$1.45 per 100g", "category": "Pantry"},
{"title": "Coles Coconut Milk | 400mL", "price": "$0.95", "price_calculation": "$0.24 per 100mL", "category": "Pantry"},
{"title": "Cadbury Fry's Turkish Delight Chocolate Bar | 55g", "price": "$1.00", "price_calculation": "$1.82 per 100g", "category": "Pantry"},
{"title": "Coles Basmati Rice | 1kg", "price": "$4.00", "price_calculation": "$0.40 per 100g", "category": "Pantry"},
{"title": "Coles Corn Kernels | 420g", "price": "$1.10", "price_calculation": "$2.62 per 1kg", "category": "Pantry"},
{"title": "Coles White Vinegar | 2L", "price": "$1.70", "price_calculation": "$0.09 per 100mL", "category": "Pantry"},
{"title": "Lipton Black Tea Bags | 100 Pack", "price": "$2.90", "price_calculation": "$0.03 per 1ea", "category": "Pantry"},
{"title": "Snickers Butterscotch Flavoured Chocolate Bar | 44g", "price": "$2.00", "price_calculation": "$4.55 per 100g", "category": "Pantry"},
{"title": "Nestle KitKat Packed With Milo Milk Chocolate Block | 165g", "price": "$2.75", "price_calculation": "$1.67 per 100g", "category": "Pantry"},
{"title": "Cadbury Picnic Chocolate Bar | 46g", "price": "$1.00", "price_calculation": "$2.17 per 100g", "category": "Pantry"},
{"title": "M&Ms Crispy Milk Chocolate Snack & Share Bag | 145g", "price": "$2.50", "price_calculation": "$1.72 per 100g", "category": "Pantry"},
{"title": "Coles Original Corn Chips | 200g", "price": "$2.30", "price_calculation": "$1.15 per 100g", "category": "Pantry"},
{"title": "Coles Rolled Oats | 900g", "price": "$1.65", "price_calculation": "$0.18 per 100g", "category": "Pantry"},
{"title": "Extra Spearmint Sugar Free Chewing Gum | 64g", "price": "$4.50", "price_calculation": "$7.03 per 100g", "category": "Pantry"},
{"title": "Coles Beans Red Kidney | 420g", "price": "$1.00", "price_calculation": "$2.38 per 1kg", "category": "Pantry"},
{"title": "Red Rock Deli Honey Soy Chicken Potato Chips | 165g", "price": "$6.30", "price_calculation": "$3.82 per 100g", "category": "Pantry"},
{"title": "Sakata Plain Rice Crackers Gluten Free | 100g", "price": "$2.30", "price_calculation": "$2.30 per 100g", "category": "Pantry"},
{"title": "Kellogg's Nutri-Grain Protein Breakfast Cereal | 765g", "price": "$7.50", "price_calculation": "$0.98 per 100g", "category": "Pantry"},
{"title": "Coles Italian Whole Peeled Tomatoes | 400g", "price": "$1.10", "price_calculation": "$2.75 per 1kg", "category": "Pantry"},
{"title": "Coles Italian Diced Tomatoes | 800g", "price": "$2.00", "price_calculation": "$2.50 per 1kg", "category": "Pantry"},
{"title": "Cadbury Twirl Chocolate Bar | 39g", "price": "$1.00", "price_calculation": "$2.56 per 100g", "category": "Pantry"},
{"title": "Real Foods Original Corn Thins | 150g", "price": "$2.00", "price_calculation": "$1.33 per 100g", "category": "Pantry"},
{"title": "Nestle KitKat Chunky Milk Chocolate Bar | 50g", "price": "$2.20", "price_calculation": "$4.40 per 100g", "category": "Pantry"},
{"title": "CSR White Sugar | 1kg", "price": "$2.20", "price_calculation": "$0.22 per 100g", "category": "Pantry"},
{"title": "M&Ms Milk Chocolate Snack & Share Bag | 180g", "price": "$2.50", "price_calculation": "$1.39 per 100g", "category": "Pantry"},
{"title": "Eclipse Spearmint Sugar Free Mints Tin | 40g", "price": "$3.50", "price_calculation": "$8.75 per 100g", "category": "Pantry"},
{"title": "Cadbury Boost Chocolate Bar | 60g", "price": "$1.00", "price_calculation": "$1.67 per 100g", "category": "Pantry"},
{"title": "Coles Long Grain Rice | 1kg", "price": "$1.40", "price_calculation": "$0.14 per 100g", "category": "Pantry"},
{"title": "Coles Sweetened Condensed Milk | 397g", "price": "$1.80", "price_calculation": "$0.45 per 100g", "category": "Pantry"},
{"title": "Maharajah's Choice Calico Basmati Rice | 5kg", "price": "$11.50", "price_calculation": "$0.23 per 100g", "category": "Pantry"},
{"title": "Arnott's Shapes Chicken Crimpy Cracker Biscuits | 175g", "price": "$2.75", "price_calculation": "$1.57 per 100g", "category": "Pantry"},
{"title": "Twisties Raspberry Snack Twisted | 80g", "price": "$2.70", "price_calculation": "$3.38 per 100g", "category": "Pantry"},
{"title": "Streets Golden Gaytime Oak Chocolate 4 pack | 400mL", "price": "$10.00", "price_calculation": "$2.50 per 100mL", "category": "Frozen"},
{"title": "Grape and Vine Chardonnay 750mL | 1 Each", "price": "$10.00", "price_calculation": "$13.33 per 1L", "category": "Liquor"},
{"title": "Halo Top Brownie Batter Ice Cream Tub | 473mL", "price": "$10.50", "price_calculation": "$2.22 per 100mL", "category": "Frozen"},
{"title": "Zilzie Liv Lighter Sauvignon Blanc 750mL | 1 Each", "price": "$10.00", "price_calculation": "$13.33 per 1L", "category": "Liquor"},
{"title": "Grandma's Olden Wok Entertainer | 1.2kg", "price": "$12.00", "price_calculation": "$1.00 per 100g", "category": "Frozen"},
{"title": "Makers Mark Kentucky Straight Bourbon Whisky 1L | 1 Each", "price": "$77.00", "price_calculation": "$77.00 per 1L", "category": "Liquor"},
{"title": "Coles Swedes Loose | approx 230g", "price": "$1.61", "price_calculation": "$7.00 per 1kg", "category": "Fruit & Vegetables"},
{"title": "Fropro Protein Buffalo Chicken Pizza | 325g", "price": "$12.00", "price_calculation": "$3.69 per 100g", "category": "Frozen"},
{"title": "The Stubborn Few Sauvignon Blanc Cask 2 Litre | 1 Each", "price": "$9.00", "price_calculation": "$0.45 per 100mL", "category": "Liquor"},
{"title": "Coles Soy Crisps | approx 100g", "price": "$1.80", "price_calculation": "$18.00 per 1kg", "category": "Fruit & Vegetables"},
{"title": "Sabrini Paneer Tikka Samosa | 600g", "price": "$12.50", "price_calculation": "$2.08 per 100g", "category": "Frozen"},
{"title": "Chivas Regal 12YO Scotch Whisky 700mL | 1 Each", "price": "$63.00", "price_calculation": "$90.00 per 1L", "category": "Liquor"},
{"title": "Coles Cos Lettuce Head | 1 each", "price": "$3.20", "price_calculation": "$3.20 per 1ea", "category": "Fruit & Vegetables"},
{"title": "Mai Hong Frozen Spring Roll Pastry Sheets 20 pack | 250g", "price": "$3.30", "price_calculation": "$1.32 per 100g", "category": "Frozen"},
{"title": "Winesmiths Premium Selection Shiraz Cask 2 Litre | 1 Each", "price": "$16.00", "price_calculation": "$8.00 per 1L", "category": "Liquor"},
{"title": "Coles Pomegranate | 1 each", "price": "$3.90", "price_calculation": "$3.90 per 1ea", "category": "Fruit & Vegetables"},
{"title": "Bulla Frozen Yoghurt Apricot Mango & Passionfruit | 480g", "price": "$4.00", "price_calculation": "$0.83 per 100g", "category": "Frozen"},
{"title": "Rock Paper Scissors Moscato 750mL | 1 Each", "price": "$6.00", "price_calculation": null, "category": "Liquor"},
{"title": "Coles Kitchen Family Coleslaw Kit | 520g", "price": "$4.50", "price_calculation": "$8.65 per 1kg", "category": "Fruit & Vegetables"},
{"title": "Ashoka Tandoori Naan Garlic | 340g", "price": "$4.50", "price_calculation": "$1.32 per 100g", "category": "Frozen"},
{"title": "Tangled Vine Shiraz 4L | 1 Each", "price": "$14.00", "price_calculation": "$3.50 per 1L", "category": "Liquor"},
{"title": "Coles Red Globe Seeded Grapes | approx 800g", "price": "$4.00", "price_calculation": "$5.00 per 1kg", "category": "Fruit & Vegetables"},
{"title": "Birds Eye Frozen Broccoli & Cauliflower Rice | 500g", "price": "$4.95", "price_calculation": "$9.90 per 1kg", "category": "Frozen"},
{"title": "Annie's Lane Shiraz 750mL | 1 Each", "price": "$14.00", "price_calculation": "$18.67 per 1L", "category": "Liquor"},
{"title": "Coles Organic Carrots Prepacked | 1kg", "price": "$5.90", "price_calculation": "$5.90 per 1kg", "category": "Fruit & Vegetables"},
{"title": "Coles Southern Style Chicken Pops | 400g", "price": "$6.00", "price_calculation": "$15.00 per 1kg", "category": "Frozen"},
{"title": "Yering Station Little Yering Pinot Noir 750mL | 1 Each", "price": "$18.00", "price_calculation": "$24.00 per 1L", "category": "Liquor"},
{"title": "Coles Roasted Salted Almonds | approx 100g", "price": "$2.20", "price_calculation": "$22.00 per 1kg", "category": "Fruit & Vegetables"},
{"title": "Amazonia Acai  Energy Superfood Packs | 400g", "price": "$6.00", "price_calculation": "$1.50 per 100g", "category": "Frozen"},
{"title": "Pure Blonde Can 375mL | 24 Pack", "price": "$53.00", "price_calculation": "$5.89 per 1L", "category": "Liquor"},
{"title": "Coles Green Cucumber | 1 each", "price": "$2.90", "price_calculation": "$2.90 per 1ea", "category": "Fruit & Vegetables"},
{"title": "Birds Eye Frozen SteamFresh Broccoli Cauliflower & Carrots With Cheese Sauce 2 Pack | 400g", "price": "$6.50", "price_calculation": "$16.25 per 1kg", "category": "Frozen"},
{"title": "Captain Morgan Spiced Rum 1L | 1 Each", "price": "$62.00", "price_calculation": "$62.00 per 1L", "category": "Liquor"},
{"title": "Coles Radish Bunch | 1 each", "price": "$3.50", "price_calculation": "$3.50 per 1ea", "category": "Fruit & Vegetables"},
{"title": "Birds Eye Frozen Steam Fresh Baby Potatoes With Broccoli Carrots Peas & Herbs 2 pack | 400g", "price": "$6.50", "price_calculation": "$16.25 per 1kg", "category": "Frozen"},
{"title": "James Boags Premium Bottle 375mL | 24 Pack", "price": "$57.00", "price_calculation": "$0.63 per 100mL", "category": "Liquor"},
{"title": "Coles I'M Perfect Limes Prepacked | 500g", "price": "$5.50", "price_calculation": "$11.00 per 1kg", "category": "Fruit & Vegetables"},
{"title": "Magnum Ice Cream Dairy Free Almond 3Pack | 270mL", "price": "$6.50", "price_calculation": "$2.41 per 100mL", "category": "Frozen"},
{"title": "Jack Daniels Gentleman Jack 1 Litre | 1 Each", "price": "$85.00", "price_calculation": "$85.00 per 1L", "category": "Liquor"},
{"title": "Coles Baby Sweet Corn Prepacked | 125g", "price": "$5.90", "price_calculation": "$47.20 per 1kg", "category": "Fruit & Vegetables"},
{"title": "Nestle Milo Tub | 1.2L", "price": "$6.50", "price_calculation": "$0.54 per 100mL", "category": "Frozen"},
{"title": "Berri Traditional Dry Red Cask 5L | 1 Each", "price": "$22.00", "price_calculation": "$4.40 per 1L", "category": "Liquor"},
{"title": "Coles Roasted & Salted Pistachios | 400g", "price": "$11.00", "price_calculation": "$27.50 per 1kg", "category": "Fruit & Vegetables"},
{"title": "Sabrini Aloo Tiki | 240g", "price": "$7.00", "price_calculation": "$2.92 per 100g", "category": "Frozen"},
{"title": "The Butchers Cellar Shiraz 750mL | 1 Each", "price": "$20.00", "price_calculation": "$26.67 per 1L", "category": "Liquor"},
{"title": "Coles Kitchen Broccoli & Cauliflower Florets | 150g", "price": "$2.00", "price_calculation": "$13.33 per 1kg", "category": "Fruit & Vegetables"},
{"title": "Bulla Creamy Classics Vanilla Sandwich 4 pack | 560mL", "price": "$9.00", "price_calculation": "$1.61 per 100mL", "category": "Frozen"},
{"title": "Summerhouse Marlborough Pinot Gris 750mL | 1 Each", "price": "$16.00", "price_calculation": "$21.33 per 1L", "category": "Liquor"},
{"title": "Coles Sugar Snap Peas Medium | 150g", "price": "$3.90", "price_calculation": "$26.00 per 1kg", "category": "Fruit & Vegetables"},
{"title": "Lean Cuisine Indian Butter Chicken | 375g", "price": "$7.00", "price_calculation": "$1.87 per 100g", "category": "Frozen"},
{"title": "Coldstream Hills The Hills Pinot Noir 750mL | 1 Each", "price": "$20.00", "price_calculation": "$26.67 per 1L", "category": "Liquor"},
{"title": "Coles Australian Caulini Prepacked | 180g", "price": "$4.50", "price_calculation": "$25.00 per 1kg", "category": "Fruit & Vegetables"},
{"title": "Quorn Meat Free Mince | 300g", "price": "$7.00", "price_calculation": "$2.33 per 100g", "category": "Frozen"},
{"title": "Jameson Smooth Dry & Lime Can 375mL | 4 Pack", "price": "$30.00", "price_calculation": "$20.00 per 1L", "category": "Liquor"},
{"title": "Coles Drumhead Cabbage Mini | 1 each", "price": "$6.50", "price_calculation": "$6.50 per 1ea", "category": "Fruit & Vegetables"},
{"title": "Ben & Jerry's Triple Caramel Chunk Ice Cream | 458mL", "price": null, "price_calculation": null, "category": "Frozen"},
{"title": "Mercury Crushed Passionfruit Cidar Cans 375mL | 6 pack", "price": "$19.00", "price_calculation": "$0.84 per 100mL", "category": "Liquor"},
{"title": "Coles Kitchen 8 Leaf Blend | 170g", "price": "$3.50", "price_calculation": "$20.59 per 1kg", "category": "Fruit & Vegetables"},
{"title": "Ben & Jerrys Non Dairy Berry Revolutionry Sundae | 427mL", "price": "$7.25", "price_calculation": "$1.70 per 100mL", "category": "Frozen"},
{"title": "Jack Daniels Tennessee Whiskey 1L | 1 Each", "price": "$85.00", "price_calculation": "$85.00 per 1L", "category": "Liquor"},
{"title": "Coles Tangelo Minneola | approx 150g", "price": "$0.89", "price_calculation": "$5.90 per 1kg", "category": "Fruit & Vegetables"},
{"title": "Coles Frozen Family Beef Pie | 600g", "price": "$7.40", "price_calculation": "$1.23 per 100g", "category": "Frozen"},
{"title": "Squealing Pig Central Otago Pinot Noir 750mL | 1 Each", "price": "$24.00", "price_calculation": "$32.00 per 1L", "category": "Liquor"},
{"title": "Coles Baby Beetroot Prepacked | 250g", "price": "$3.00", "price_calculation": "$12.00 per 1kg", "category": "Fruit & Vegetables"},
{"title": "Buono Mochi Ice Chocolate | 156g", "price": "$7.50", "price_calculation": "$4.81 per 100g", "category": "Frozen"},
{"title": "Smirnoff Ice Double Black Can 375mL | 10 Pack", "price": "$55.00", "price_calculation": "$14.67 per 1L", "category": "Liquor"},
{"title": "Coles Kitchen Pasta Salad | 250g", "price": "$3.50", "price_calculation": "$14.00 per 1kg", "category": "Fruit & Vegetables"},
{"title": "Magnum Ice Cream Intense Dark Minis 6pack | 330mL", "price": "$8.00", "price_calculation": "$2.42 per 100mL", "category": "Frozen"},
{"title": "Nepenthe Elevation Sauvignon Blanc 750mL | 1 Each", "price": "$26.00", "price_calculation": "$34.67 per 1L", "category": "Liquor"},
{"title": "Coles Mini Vine Capsicums | 175g", "price": "$5.50", "price_calculation": "$31.43 per 1kg", "category": "Fruit & Vegetables"},
{"title": "Magnum Chocolate Classic Remix Ice Cream 4 Pack | 360mL", "price": "$8.00", "price_calculation": "$2.22 per 100mL", "category": "Frozen"},
{"title": "St Andrews Australian Tawny 750mL | 1 Each", "price": "$7.00", "price_calculation": null, "category": "Liquor"},
{"title": "Coles Brown Mushrooms Loose | approx 200g", "price": "$3.38", "price_calculation": "$16.90 per 1kg", "category": "Fruit & Vegetables"},
{"title": "Street Smokey BBQ Meatlovers Pizza | 385g", "price": "$8.60", "price_calculation": "$2.23 per 100g", "category": "Frozen"},
{"title": "Smirnoff Seltzer Lime Can 250mL | 4 Pack", "price": "$20.00", "price_calculation": "$20.00 per 1L", "category": "Liquor"},
{"title": "Coles Chilli & Lime Soy Crisps | approx 100g", "price": "$1.80", "price_calculation": "$18.00 per 1kg", "category": "Fruit & Vegetables"},
{"title": "Connoisseur Ice Cream Camarosa Strawberry | 1L", "price": "$9.00", "price_calculation": "$0.90 per 100mL", "category": "Frozen"},
{"title": "Fireball Cinnamon Flavoured Whisky 200mL | 1 Each", "price": "$20.00", "price_calculation": "$100.00 per 1L", "category": "Liquor"},
{"title": "Coles Dried Mango Slices | approx 100g", "price": "$2.50", "price_calculation": "$25.00 per 1kg", "category": "Fruit & Vegetables"},
{"title": "Sealord Japanese Style Tempura Batter Hoki Fillet | 280g", "price": "$9.00", "price_calculation": "$32.14 per 1kg", "category": "Frozen"},
{"title": "Croser NV 750mL | 1 Each", "price": "$30.00", "price_calculation": "$40.00 per 1L", "category": "Liquor"},
{"title": "Coles Persimmons Medium | 1 each", "price": "$2.90", "price_calculation": "$2.90 per 1ea", "category": "Fruit & Vegetables"},
{"title": "Borg's Spinach Pastizzi Value Pack | 1kg", "price": "$9.35", "price_calculation": "$0.94 per 100g", "category": "Frozen"},
{"title": "Bombay Sapphire Gin & Tonic Double Serve 10% Can 250mL | 4 Pack", "price": "$28.00", "price_calculation": "$28.00 per 1L", "category": "Liquor"},
{"title": "Coles Roasted Peanuts In Shell | 500g", "price": "$5.00", "price_calculation": "$10.00 per 1kg", "category": "Fruit & Vegetables"},
{"title": "Peters Drumstick Salted Caramel & White Chocolate 4Pack | 475mL", "price": "$9.50", "price_calculation": "$2.00 per 100mL", "category": "Frozen"},
{"title": "Strongbow Lower Carb Cider Bottle 330mL | 6 Pack", "price": "$12.00", "price_calculation": "$6.06 per 1L", "category": "Liquor"},
{"title": "Coles Piqa Boo Pears | 750g", "price": "$4.90", "price_calculation": "$6.53 per 1kg", "category": "Fruit & Vegetables"},
{"title": "I&J Southern Blue Whiting Fillets | 500g", "price": "$9.50", "price_calculation": "$19.00 per 1kg", "category": "Frozen"},
{"title": "Mountain Goat Goat Lager Can 375mL | 6 Pack", "price": "$19.00", "price_calculation": "$8.44 per 1L", "category": "Liquor"},
{"title": "Coles Dutch Cream Brushed Potatoes Loose | approx 200g", "price": "$0.98", "price_calculation": "$4.90 per 1kg", "category": "Fruit & Vegetables"},
{"title": "Drumstick Ice Cream Cua Hokey Pokey 4pack | 475mL", "price": "$9.50", "price_calculation": "$2.08 per 100mL", "category": "Frozen"},
{"title": "Winesmiths Premium Selection Sauvignon Blanc Cask 2 Litre | 1 Each", "price": "$16.00", "price_calculation": "$8.00 per 1L", "category": "Liquor"},
{"title": "Coles Spinach And Kale | 300g", "price": "$5.00", "price_calculation": "$16.67 per 1kg", "category": "Fruit & Vegetables"},
{"title": "Birds Eye Deli Hoki Crisp Light Batter | 250g", "price": "$10.00", "price_calculation": "$40.00 per 1kg", "category": "Frozen"},
{"title": "Vasse Felix Classic Dry White 750mL | 1 Each", "price": "$17.00", "price_calculation": "$22.67 per 1L", "category": "Liquor"},
{"title": "Coles Dry Roasted Mixed Nuts | 400g", "price": "$12.00", "price_calculation": "$30.00 per 1kg", "category": "Fruit & Vegetables"},
{"title": "Peters Gluten Free Original Neapolitan Multi Flavoured Ice Cream Tub | 4L", "price": "$10.90", "price_calculation": "$0.27 per 100mL", "category": "Frozen"},
{"title": "Coopers Pale Ale Can 375mL | 24 Pack", "price": "$55.00", "price_calculation": "$6.11 per 1L", "category": "Liquor"},
{"title": "Coles Exotic Shiitake Mushrooms Prepacked | 100g", "price": "$5.50", "price_calculation": "$55.00 per 1kg", "category": "Fruit & Vegetables"},
{"title": "Fropro Protein Italian Salami Pizza | 325g", "price": "$12.00", "price_calculation": "$3.69 per 100g", "category": "Frozen"},
{"title": "James Busby Yarra Valley Pinot Noir 750mL | 1 Each", "price": "$18.00", "price_calculation": "$24.00 per 1L", "category": "Liquor"},
{"title": "Natural Delights Medjool Dates Prepacked | 454g", "price": "$11.00", "price_calculation": "$24.23 per 1kg", "category": "Fruit & Vegetables"},
{"title": "Aquna Murray Cod Portions Skin On 2 Pack | 200g", "price": "$13.00", "price_calculation": "$65.00 per 1kg", "category": "Frozen"},
{"title": "Mr Finch Apple Cider Can 375mL | 10 Pack", "price": "$19.00", "price_calculation": "$5.07 per 1L", "category": "Liquor"},
{"title": "Coles Baby Oak Lettuce | 150g", "price": "$4.00", "price_calculation": "$26.67 per 1kg", "category": "Fruit & Vegetables"},
{"title": "Family Fave's Sweet Chilli Chicken Tenders | 1kg", "price": "$21.50", "price_calculation": "$21.50 per 1kg", "category": "Frozen"},
{"title": "Canadian Club Premium and Dry Can 375mL | 4 Pack", "price": "$25.00", "price_calculation": "$16.67 per 1L", "category": "Liquor"},
{"title": "Coles Kitchen Asian Style Salad Bowl | 230g", "price": "$5.50", "price_calculation": "$23.91 per 1kg", "category": "Fruit & Vegetables"},
{"title": "Annabel Karmel Meals Vegetable And Pasta Bake | 200g", "price": "$3.90", "price_calculation": "$1.95 per 100g", "category": "Frozen"},
{"title": "Coles Organic Butternut Pumpkin | approx 500g", "price": "$2.75", "price_calculation": "$5.50 per 1kg", "category": "Fruit & Vegetables"},
{"title": "Birds Eye Frozen Malaysian Vegetables Stir Fry | 500g", "price": "$4.50", "price_calculation": "$9.00 per 1kg", "category": "Frozen"},
{"title": "Coles Sweet Chilli & Lime Soy Crisps | 400g", "price": "$6.00", "price_calculation": "$15.00 per 1kg", "category": "Fruit & Vegetables"},
{"title": "McCain Frozen Healthy Choice Tomato & Bacon Penne | 300g", "price": "$5.00", "price_calculation": "$1.67 per 100g", "category": "Frozen"},
{"title": "Coles Baby Leaf Salad & Beetroot | 150g", "price": "$3.00", "price_calculation": "$20.00 per 1kg", "category": "Fruit & Vegetables"},
{"title": "McCain Beer Battered Potato Chips Frozen Chunky | 750g", "price": null, "price_calculation": null, "category": "Frozen"},
{"title": "Coles Kitchen American BBQ Slaw Kit | 400g", "price": "$5.50", "price_calculation": "$13.75 per 1kg", "category": "Fruit & Vegetables"},
{"title": "Lean Cuisine Beef Stroganoff | 280g", "price": "$5.60", "price_calculation": "$2.00 per 100g", "category": "Frozen"},
{"title": "Coles Sliced Brown Mushrooms Prepacked | 200g", "price": "$5.90", "price_calculation": "$29.50 per 1kg", "category": "Fruit & Vegetables"},
{"title": "Tu Bao Zi Flaky Scallion Pancake | 480g", "price": "$5.80", "price_calculation": "$1.21 per 100g", "category": "Frozen"},
{"title": "Coles Jazz Apples Prepacked | 1kg", "price": "$6.90", "price_calculation": "$6.90 per 1kg", "category": "Fruit & Vegetables"},
{"title": "Coles Mini Vienna Vanilla 5 Pack | 285mL", "price": "$6.00", "price_calculation": "$2.11 per 100mL", "category": "Frozen"},
{"title": "Coles Prunes | approx 100g", "price": "$1.70", "price_calculation": "$17.00 per 1kg", "category": "Fruit & Vegetables"},
{"title": "Cremorne Creamery Triple Chocolate | 1L", "price": "$6.50", "price_calculation": "$0.65 per 100mL", "category": "Frozen"},
{"title": "Coles Pretzels | approx 100g", "price": "$1.80", "price_calculation": "$18.00 per 1kg", "category": "Fruit & Vegetables"},
{"title": "Coles Dutch Carrots | 1 each", "price": "$3.00", "price_calculation": "$3.00 per 1ea", "category": "Fruit & Vegetables"},
{"title": "Coles Tuscan Kale | 1 each", "price": "$4.50", "price_calculation": "$4.50 per 1ea", "category": "Fruit & Vegetables"},
{"title": "Coles Amour Mandarins | 850g", "price": "$3.90", "price_calculation": "$4.59 per 1kg", "category": "Fruit & Vegetables"},
{"title": "Coles Celery Sticks Prepacked | 300g", "price": "$5.00", "price_calculation": "$16.67 per 1kg", "category": "Fruit & Vegetables"},
{"title": "Coles Glasshouse Grape Tomatoes | 200g", "price": "$3.50", "price_calculation": "$17.50 per 1kg", "category": "Fruit & Vegetables"},
{"title": "Little Tractor Potatoes | 2kg", "price": "$5.00", "price_calculation": "$2.50 per 1kg", "category": "Fruit & Vegetables"},
{"title": "Coles Snow Peas Medium | 150g", "price": "$3.30", "price_calculation": "$22.00 per 1kg", "category": "Fruit & Vegetables"},
{"title": "Coles Gold Kiwifruit Prepacked | 6 pack", "price": "$7.90", "price_calculation": "$1.32 per 1ea", "category": "Fruit & Vegetables"},
{"title": "Coles Family Broccolini | 1 each", "price": "$5.90", "price_calculation": "$5.90 per 1ea", "category": "Fruit & Vegetables"},
{"title": "Coles Pears Mini 1kg | 1 each", "price": "$3.00", "price_calculation": "$3.00 per 1kg", "category": "Fruit & Vegetables"},
{"title": "Coles Jazz Apples | approx 160g", "price": "$1.10", "price_calculation": "$6.90 per 1kg", "category": "Fruit & Vegetables"},
{"title": "Coles Mushrooms Sliced | 500g", "price": "$7.90", "price_calculation": "$15.80 per 1kg", "category": "Fruit & Vegetables"},
{"title": "Coles Granny Smith Apples 1kg | 1 each", "price": "$4.90", "price_calculation": "$4.90 per 1kg", "category": "Fruit & Vegetables"},
{"title": "Coles Red Royale Washed Potatoes Prepacked | 2kg", "price": "$7.50", "price_calculation": "$3.75 per 1kg", "category": "Fruit & Vegetables"},
{"title": "Coles Honeydew Melon Whole | 1 each", "price": "$3.50", "price_calculation": "$3.50 per 1ea", "category": "Fruit & Vegetables"},
{"title": "Coles Baby White Potatoes Prepacked | 1kg", "price": "$3.80", "price_calculation": "$3.80 per 1kg", "category": "Fruit & Vegetables"},
{"title": "Coles Natural Californian Walnut | 400g", "price": "$8.00", "price_calculation": "$20.00 per 1kg", "category": "Fruit & Vegetables"},
{"title": "Coles Rockmelon Half | 1 each", "price": "$2.90", "price_calculation": "$2.90 per 1ea", "category": "Fruit & Vegetables"},
{"title": "Coles Baby Carisma Potatoes | 1kg", "price": "$3.80", "price_calculation": "$3.80 per 1kg", "category": "Fruit & Vegetables"},
{"title": "Coles Butternut Pumpkin Whole | approx 2Kg", "price": "$4.00", "price_calculation": "$2.00 per 1kg", "category": "Fruit & Vegetables"},
{"title": "Fresh Garlic Cloves Prepacked | 70g", "price": "$2.50", "price_calculation": "$35.71 per 1kg", "category": "Fruit & Vegetables"},
{"title": "Coles I'm Perfect Onions Prepacked | 1.5kg", "price": "$3.50", "price_calculation": "$2.33 per 1kg", "category": "Fruit & Vegetables"},
{"title": "Coles Cabbage Wombok Precut Half | 1 each", "price": "$3.50", "price_calculation": "$3.50 per 1ea", "category": "Fruit & Vegetables"},
{"title": "Coles Dry Roasted Cashews | 400g", "price": "$8.00", "price_calculation": "$20.00 per 1kg", "category": "Fruit & Vegetables"},
{"title": "Coles Half Savoy Cabbage | 1 each", "price": "$3.90", "price_calculation": "$3.90 per 1ea", "category": "Fruit & Vegetables"},
{"title": "Coles Papaya Loose | 1 each", "price": "$4.00", "price_calculation": "$4.00 per 1ea", "category": "Fruit & Vegetables"},
{"title": "Coles Beetroot Loose | approx 170g", "price": "$0.77", "price_calculation": "$4.50 per 1kg", "category": "Fruit & Vegetables"},
{"title": "Coles Button Mushrooms | 200g", "price": "$4.50", "price_calculation": "$22.50 per 1kg", "category": "Fruit & Vegetables"},
{"title": "Fresh Medley Perino Tomatoes | 200g", "price": "$4.50", "price_calculation": "$22.50 per 1kg", "category": "Fruit & Vegetables"},
{"title": "Coles Brushed Potatoes | 2kg", "price": "$5.50", "price_calculation": "$2.75 per 1kg", "category": "Fruit & Vegetables"},
{"title": "Coles Cocktail Truss Tomatoes | 250g", "price": "$3.90", "price_calculation": "$15.60 per 1kg", "category": "Fruit & Vegetables"},
{"title": "Spud Lite Potatoes Prepacked | 1.5kg", "price": "$6.00", "price_calculation": "$4.00 per 1kg", "category": "Fruit & Vegetables"},
{"title": "Coles Roasted Salted Pistachios | approx 100g", "price": "$2.80", "price_calculation": "$28.00 per 1kg", "category": "Fruit & Vegetables"},
{"title": "Coles Australian Baby Capsicums | 350g", "price": "$4.90", "price_calculation": "$14.00 per 1kg", "category": "Fruit & Vegetables"},
{"title": "Coles Parsnips Loose | approx 140g", "price": "$1.26", "price_calculation": "$9.00 per 1kg", "category": "Fruit & Vegetables"},
{"title": "Coles Brown Onion Shallots Loose | approx 35g", "price": "$0.46", "price_calculation": "$13.00 per 1kg", "category": "Fruit & Vegetables"},
{"title": "Coles Portobello Mushrooms | approx 200g", "price": "$3.38", "price_calculation": "$16.90 per 1kg", "category": "Fruit & Vegetables"},
{"title": "Coles Wombok Chinese Cabbage Whole | 1 each", "price": "$5.90", "price_calculation": "$5.90 per 1ea", "category": "Fruit & Vegetables"},
{"title": "Coles Mini Tomatoes | 125g", "price": "$3.50", "price_calculation": "$28.00 per 1kg", "category": "Fruit & Vegetables"},
{"title": "Coles Coles Spudlite Baby Potato | 750g", "price": "$3.00", "price_calculation": "$4.00 per 1kg", "category": "Fruit & Vegetables"},
{"title": "Coles Perino Gold Tomatoes Prepacked | 200g", "price": "$4.50", "price_calculation": "$22.50 per 1kg", "category": "Fruit & Vegetables"},
{"title": "Coles I'M Perfect Apples Prepacked | 2kg", "price": "$5.90", "price_calculation": "$2.95 per 1kg", "category": "Fruit & Vegetables"},
{"title": "Coles Tomatoes Gourmet 1Kg | 1 each", "price": "$7.90", "price_calculation": "$7.90 per 1kg", "category": "Fruit & Vegetables"},
{"title": "Coles Kitchen Coleslaw | 200g", "price": "$2.00", "price_calculation": "$10.00 per 1kg", "category": "Fruit & Vegetables"},
{"title": "Coles Flat Mushrooms loose | approx 350g", "price": "$4.38", "price_calculation": "$12.50 per 1kg", "category": "Fruit & Vegetables"},
{"title": "Coles Roma Tomatoes Loose | approx 100g", "price": "$1.09", "price_calculation": "$10.90 per 1kg", "category": "Fruit & Vegetables"},
{"title": "Coles Beurre Bosc Pears | approx 230g", "price": "$1.03", "price_calculation": "$4.50 per 1kg", "category": "Fruit & Vegetables"},
{"title": "Coles White Petroleum Jelly | 200g", "price": "$2.75", "price_calculation": "$1.38 per 100g", "category": "Health & Beauty"},
{"title": "Nivea Daily Essentials Refreshing Face Cleansing Wipes for Normal Skin + Vitamin E | 7 pack", "price": "$3.00", "price_calculation": "$0.43 per 1ea", "category": "Health & Beauty"},
{"title": "Nivea Watermelon Shine Lip Balm | 4.8g", "price": "$3.50", "price_calculation": "$72.92 per 100g", "category": "Health & Beauty"},
{"title": "Brut Deodorant Stick For Men | 75g", "price": "$3.50", "price_calculation": "$4.67 per 100g", "category": "Health & Beauty"},
{"title": "Coles Foaming Handwash Passionfruit | 1L", "price": "$3.50", "price_calculation": "$0.35 per 100mL", "category": "Health & Beauty"},
{"title": "Coles Tampons Regular | 32 pack", "price": "$3.60", "price_calculation": "$0.11 per 1ea", "category": "Health & Beauty"},
{"title": "Coles Exfoliating Gloves | 1 pack", "price": "$4.00", "price_calculation": "$4.00 per 1ea", "category": "Health & Beauty"},
{"title": "Colgate Kids 4-6 Years Strawberry Toothpaste | 80g", "price": "$4.00", "price_calculation": "$5.00 per 100g", "category": "Health & Beauty"},
{"title": "Libra Original Super Tampons | 16 pack", "price": "$4.30", "price_calculation": "$0.27 per 1ea", "category": "Health & Beauty"},
{"title": "Beckham Instinct Deodorant Body Spray | 150mL", "price": "$4.50", "price_calculation": "$3.00 per 100mL", "category": "Health & Beauty"},
{"title": "Coles Soft Ponytailers Black | 28 pack", "price": "$4.50", "price_calculation": "$0.16 per 1ea", "category": "Health & Beauty"},
{"title": "Blistex Lip Balm Conditioning | 4.25g", "price": "$4.50", "price_calculation": "$105.88 per 100g", "category": "Health & Beauty"},
{"title": "Colgate Plax Fresh Mint Mouthwash | 250mL", "price": "$4.50", "price_calculation": "$1.80 per 100mL", "category": "Health & Beauty"},
{"title": "Sensodyne Repair & Protect Soft Toothbrush | 1 pack", "price": "$5.00", "price_calculation": "$5.00 per 1ea", "category": "Health & Beauty"},
{"title": "Scunci Effortless Beauty Knit Pony Wraps | 5 pack", "price": "$5.00", "price_calculation": "$1.00 per 1ea", "category": "Health & Beauty"},
{"title": "Libra Girl Goodnight Pads With Wings | 10 pack", "price": "$5.00", "price_calculation": "$0.50 per 1ea", "category": "Health & Beauty"},
{"title": "Kleenex Anti-Bacterial To-Go Wipes | 40 pack", "price": "$5.00", "price_calculation": "$0.13 per 1ea", "category": "Health & Beauty"},
{"title": "Cussons Prize Medal Oatmeal Bar Soap | 5 pack", "price": "$5.00", "price_calculation": "$1.11 per 100g", "category": "Health & Beauty"},
{"title": "Libra Maternity Extra Long With Wings Pads | 10 pack", "price": "$5.00", "price_calculation": "$0.50 per 1ea", "category": "Health & Beauty"},
{"title": "Nivea Men Moisturising Shaving Gel + Aloe Vera | 200mL", "price": "$5.25", "price_calculation": "$2.63 per 100mL", "category": "Health & Beauty"},
{"title": "Selsun Blue Anti Dandruff Shampoo Replenishing | 200mL", "price": "$5.50", "price_calculation": "$2.75 per 100mL", "category": "Health & Beauty"},
{"title": "Caredent Eeziflossers Biodegradable | 50 pack", "price": "$6.00", "price_calculation": "$12.00 per 100ea", "category": "Health & Beauty"},
{"title": "Libra Ultra Thin Regular Pads With Wings | 20 pack", "price": "$6.40", "price_calculation": "$0.32 per 1ea", "category": "Health & Beauty"},
{"title": "Coles Chocolate Chip Muffin Bars | 420g", "price": "$5.25", "price_calculation": "$1.25 per 100g", "category": "Bakery"},
{"title": "Durex Pleasure Me Condoms | 10 pack", "price": "$6.50", "price_calculation": "$0.65 per 1ea", "category": "Health & Beauty"},
{"title": "Mr Kipling Chocolate Slices 6 Pack | 155g", "price": "$6.00", "price_calculation": "$3.87 per 100g", "category": "Bakery"},
{"title": "Gillette Comfort Glide Shave Gel | 195g", "price": "$6.50", "price_calculation": "$3.33 per 100g", "category": "Health & Beauty"},
{"title": "Coles Bakery Snow Drops 8 Pack | 200g", "price": "$3.00", "price_calculation": "$1.50 per 100g", "category": "Bakery"},
{"title": "Tommee Tippee Night Time Baby Dummy 2 Pack 18-36m | 2 pack", "price": "$8.75", "price_calculation": "$4.38 per 1ea", "category": "Baby"},
{"title": "Hismile ToothpasteCoconut Whip | 60g", "price": "$6.50", "price_calculation": "$10.83 per 100g", "category": "Health & Beauty"},
{"title": "Abbott's Bakery Dark Rye | 700g", "price": "$4.90", "price_calculation": "$0.70 per 100g", "category": "Bakery"},
{"title": "Huggies Drynites Night Pants Girls Size 2-4 Years | 10 pack", "price": "$10.00", "price_calculation": "$1.00 per 1ea", "category": "Baby"},
{"title": "Gillette Sensitive Skin Soothing Aloe Vera Shave Gel | 195g", "price": "$7.00", "price_calculation": "$3.59 per 100g", "category": "Health & Beauty"},
{"title": "Mr Kipling Lemon Slices 6 Pack | 165g", "price": "$6.00", "price_calculation": "$3.64 per 100g", "category": "Bakery"},
{"title": "Babylove Cosifit Nappies Size 3 (6-11Kg) | 40 pack", "price": "$16.00", "price_calculation": "$0.40 per 1ea", "category": "Baby"},
{"title": "Palmolive Hand Wash Sea Minerals With Glycerin | 1L", "price": "$7.00", "price_calculation": "$0.70 per 100mL", "category": "Health & Beauty"},
{"title": "Coles Blueberry Muffins | 4 pack", "price": "$4.70", "price_calculation": "$1.18 per 1ea", "category": "Bakery"},
{"title": "Gaia Natural Baby Bamboo Wipes | 240 pack", "price": "$17.00", "price_calculation": "$7.08 per 100ea", "category": "Baby"},
{"title": "Lynx Aerosol Black Deodorant | 165mL", "price": "$8.00", "price_calculation": "$4.85 per 100mL", "category": "Health & Beauty"},
{"title": "Tip Top Spicy Fruit English Muffins | 6 pack", "price": "$3.00", "price_calculation": "$0.50 per 1ea", "category": "Bakery"},
{"title": "Huggies Little Swimmers Nappies Medium | 11 pack", "price": "$17.00", "price_calculation": "$1.55 per 1ea", "category": "Baby"},
{"title": "Listerine Zero Alcohol Antibacterial Mouthwash Limited Edition Cherry Blossom & Peach | 500mL", "price": "$8.00", "price_calculation": "$1.60 per 100mL", "category": "Health & Beauty"},
{"title": "Coles Bakery Vanilla Crown Mini Danish | 5 pack", "price": "$3.15", "price_calculation": "$0.63 per 1ea", "category": "Bakery"},
{"title": "Bunjie Baby Born To Be Mild Top To Toe Wash | 500mL", "price": "$20.00", "price_calculation": "$4.00 per 100mL", "category": "Baby"},
{"title": "Glow Lab Amber & Sage Hand Wash | 300mL", "price": "$8.00", "price_calculation": "$2.67 per 100mL", "category": "Health & Beauty"},
{"title": "Coles Cafe Style Raisin Toast | 650g", "price": "$3.70", "price_calculation": "$0.57 per 100g", "category": "Bakery"},
{"title": "Karicare+ Soy Milk For All Ages | 900g", "price": "$20.00", "price_calculation": "$2.22 per 100g", "category": "Baby"},
{"title": "Listerine Pocketpaks Oral Care Strips Freshburst | 72 pack", "price": "$8.00", "price_calculation": "$11.11 per 100ea", "category": "Health & Beauty"},
{"title": "Coles Bakery Fresh Cream Long John Donuts | 2 pack", "price": "$5.00", "price_calculation": "$2.50 per 1ea", "category": "Bakery"},
{"title": "Karicare+ 1 Baby Infant Formula From Birth to 6 Months | 900g", "price": "$21.00", "price_calculation": "$2.33 per 100g", "category": "Baby"},
{"title": "Vaseline Intensive Care Aloe Soothe Body Lotion | 750mL", "price": "$8.00", "price_calculation": "$1.07 per 100mL", "category": "Health & Beauty"},
{"title": "Coles Bakery Madeira Cake | 450g", "price": "$3.30", "price_calculation": "$0.73 per 100g", "category": "Bakery"},
{"title": "B.box Tritan Drink Bottle 600mL | 1 each", "price": "$26.00", "price_calculation": "$26.00 per 1ea", "category": "Baby"},
{"title": "Telfast Hayfever Allergy Relief 180mg Antihistamine Tablets | 5 pack", "price": "$8.40", "price_calculation": "$1.68 per 1ea", "category": "Health & Beauty"},
{"title": "Coles Turkish Pide | 400g", "price": "$2.80", "price_calculation": "$0.70 per 100g", "category": "Bakery"},
{"title": "Rascal + Friends Nappy Pants Size 4 Todder | 56 pack", "price": "$30.00", "price_calculation": "$53.57 per 100ea", "category": "Baby"},
{"title": "Colgate Optic White Expert High Impact Teeth Whitening Toothpaste With 2% Hydrogen Peroxide | 85g", "price": "$9.60", "price_calculation": "$11.29 per 100g", "category": "Health & Beauty"},
{"title": "Coles Light Rye Sourdough Rolls | 4 pack", "price": "$3.75", "price_calculation": "$0.94 per 1ea", "category": "Bakery"},
{"title": "Babylove Nappy Pants Size 6 (15-25Kg) | 42 pack", "price": "$31.00", "price_calculation": "$73.81 per 100ea", "category": "Baby"},
{"title": "Difflam Plus Anaesthetic Honey And Lemon Flavour Lozenges | 16 pack", "price": "$10.00", "price_calculation": "$0.63 per 1ea", "category": "Health & Beauty"},
{"title": "Coles Soft White Sandwich | 650g", "price": "$2.70", "price_calculation": "$0.42 per 100g", "category": "Bakery"},
{"title": "Huggies Infant Nappies Size 2 (4-8kg) | 1 pack", "price": "$40.00", "price_calculation": "$0.42 per 1ea", "category": "Baby"},
{"title": "Colgate Optic White Enamel Care Teeth Whitening Toothpaste With 1% Hydrogen Peroxide | 140g", "price": "$12.00", "price_calculation": "$8.57 per 100g", "category": "Health & Beauty"},
{"title": "Coles Oat & Raisin Cookies | 6 pack", "price": "$3.50", "price_calculation": "$0.58 per 1ea", "category": "Bakery"},
{"title": "Huggies Ultra Dry Nappies Boys Size 3 (6-11kg) | 90 pack", "price": "$40.00", "price_calculation": "$44.44 per 100ea", "category": "Baby"},
{"title": "Ostelin Calcium & Vitamin D Tablets w. D3 For Bone Health | 130 pack", "price": "$13.92", "price_calculation": "$0.11 per 1ea", "category": "Health & Beauty"},
{"title": "Coles Bakery Margherita Tear And Share | 1 each", "price": "$4.00", "price_calculation": "$4.00 per 1ea", "category": "Bakery"},
{"title": "Huggies Ultra Dry Nappies Boys Size 5 (13-18kg) | 64 pack", "price": "$40.00", "price_calculation": "$62.50 per 100ea", "category": "Baby"},
{"title": "Clearblue Visual Rapid Detection Pregnancy Test Kit | 3 pack", "price": "$15.00", "price_calculation": "$5.00 per 1ea", "category": "Health & Beauty"},
{"title": "Coles Bakery Stone Baked Multigrain Sourdough Vienna | 1 each", "price": "$5.00", "price_calculation": "$5.00 per 1ea", "category": "Bakery"},
{"title": "A2 Infant Stage 1 Platinum Premium Formula | 900g", "price": "$40.50", "price_calculation": "$4.50 per 100g", "category": "Baby"},
{"title": "First Response Pregnancy Test Instream | 3 pack", "price": "$16.00", "price_calculation": "$5.33 per 1ea", "category": "Health & Beauty"},
{"title": "Golden Pancakes 6 Pack | 360g", "price": "$5.50", "price_calculation": "$1.53 per 100g", "category": "Bakery"},
{"title": "Aptamil Profutura Junior Formula From 3 Years | 900g", "price": "$43.00", "price_calculation": "$4.78 per 100g", "category": "Baby"},
{"title": "Glow Lab Citrus & Bergamot Body Wash | 900mL", "price": "$18.00", "price_calculation": "$2.00 per 100mL", "category": "Health & Beauty"},
{"title": "Coles Banana Bread Slices 5 Pack | 500g", "price": "$6.50", "price_calculation": "$1.30 per 100g", "category": "Bakery"},
{"title": "Coles Banana Porridge 6+ Months | 120g", "price": "$1.00", "price_calculation": "$0.83 per 100g", "category": "Baby"},
{"title": "Gaviscon Dual Action Liquid | 600mL", "price": "$18.50", "price_calculation": "$3.08 per 100mL", "category": "Health & Beauty"},
{"title": "Coles Bakery Custard Scroll | 2 pack", "price": "$3.50", "price_calculation": "$1.75 per 1ea", "category": "Bakery"},
{"title": "Coles Vanilla Custard 6+ Months | 120g", "price": "$1.00", "price_calculation": "$0.83 per 100g", "category": "Baby"},
{"title": "Head & Shoulders Shampoo Apple Fresh | 660mL", "price": "$21.00", "price_calculation": "$3.18 per 100mL", "category": "Health & Beauty"},
{"title": "Coles Bakery Stone Baked By Laurent Mini Pumpkin & Soybean Pane Di Casa | 1 each", "price": "$2.50", "price_calculation": "$2.50 per 1ea", "category": "Bakery"},
{"title": "Kiddylicious Blueberry Fruity Puffs 7+ Months | 10g", "price": "$1.70", "price_calculation": "$17.00 per 100g", "category": "Baby"},
{"title": "Head & Shoulders Conditioner Clean Balanced | 660mL", "price": "$21.00", "price_calculation": "$3.18 per 100mL", "category": "Health & Beauty"},
{"title": "Coles Belgian Cheesecake Slice 2 pack | 220g", "price": "$5.50", "price_calculation": "$2.50 per 100g", "category": "Bakery"},
{"title": "Only Organic Sweetcorn Carrot & Quinoa Baby Food Pouch 4+Month | 120g", "price": "$2.15", "price_calculation": "$1.79 per 100g", "category": "Baby"},
{"title": "Coles Lemon & Raspberry Tarts 6 Pack | 270g", "price": "$3.75", "price_calculation": "$1.39 per 100g", "category": "Bakery"},
{"title": "Baby Bellies Organic Smoothie Bowl Apple-Strawberry And Oats | 110g", "price": "$2.25", "price_calculation": "$2.05 per 100g", "category": "Baby"},
{"title": "Coles Bakery Stone Baked Light Rye Sourdough Vienna | 1 each", "price": "$5.00", "price_calculation": "$5.00 per 1ea", "category": "Bakery"},
{"title": "Only Organic Chicken Vegetables And Star Pasta 8+ Months | 170g", "price": "$2.90", "price_calculation": "$1.71 per 100g", "category": "Baby"},
{"title": "Mission Wholegrain Wraps 8 pack | 567g", "price": "$5.50", "price_calculation": "$0.97 per 100g", "category": "Bakery"},
{"title": "Only Organic Bolognese Pasta 8 + Months | 170g", "price": "$2.90", "price_calculation": "$1.71 per 100g", "category": "Baby"},
{"title": "Laurent Patisserie Lemon Meringue | 2 pack", "price": "$8.00", "price_calculation": "$4.00 per 1ea", "category": "Bakery"},
{"title": "Keep It Cleaner Toddler Pasta Sauce Tomato & Hidden Vegetable | 250g", "price": "$3.60", "price_calculation": "$1.44 per 100g", "category": "Baby"},
{"title": "Coles Banana Muffins | 9 Pack", "price": "$4.70", "price_calculation": "$0.52 per 1ea", "category": "Bakery"},
{"title": "Bellamy's Organic Porridge Baby Cereal | 125g", "price": "$4.00", "price_calculation": "$3.20 per 100g", "category": "Baby"},
{"title": "Coles Bakery Super Soft Round Rolls | 12 pack", "price": "$4.75", "price_calculation": "$0.40 per 1ea", "category": "Bakery"},
{"title": "Baby Bellies Organic Apple & Cinnamon Puffs | 35g", "price": "$4.75", "price_calculation": "$13.57 per 100g", "category": "Baby"},
{"title": "Coles Bakery Mud Cake | 600g", "price": "$6.40", "price_calculation": "$1.07 per 100g", "category": "Bakery"},
{"title": "Whole Kids Organic Cookies Apple 4 Pack | 80g", "price": "$6.00", "price_calculation": "$7.50 per 100g", "category": "Baby"},
{"title": "Coles BAGEL SESAME 4 PACK | 360g", "price": "$2.50", "price_calculation": "$0.69 per 100g", "category": "Bakery"},
{"title": "Curash Anti Rash Baby Powder | 100g", "price": "$6.30", "price_calculation": "$6.30 per 100g", "category": "Baby"},
{"title": "Toscano Classic Pizza Bases 2 pack | 300g", "price": "$6.50", "price_calculation": "$2.17 per 100g", "category": "Bakery"},
{"title": "Avent Fast Flow Teat 6+ Months | 2 pack", "price": "$7.17", "price_calculation": "$3.59 per 1ea", "category": "Baby"},
{"title": "Coles Bakery Stone Baked By Laurent Turkish Loaf | 1 each", "price": "$3.00", "price_calculation": "$3.00 per 1ea", "category": "Bakery"},
{"title": "MEB Pita Pockets White 6 pack | 250g", "price": "$2.70", "price_calculation": "$1.08 per 100g", "category": "Bakery"},
{"title": "Kiddylicious Strawberry Frutiy Puffs | 4 pack", "price": "$7.80", "price_calculation": "$1.95 per 1ea", "category": "Baby"},
{"title": "Coles Bakery Coconut Drops | 12 pack", "price": "$3.50", "price_calculation": "$0.29 per 1ea", "category": "Bakery"},
{"title": "Coles Bakery Double Chocolate Cookies | 12 pack", "price": "$3.00", "price_calculation": "$0.25 per 1ea", "category": "Bakery"},
{"title": "Avent Soother Air Nighttime Mix Bpa Free 6-18 Months | 2 pack", "price": "$8.35", "price_calculation": "$4.18 per 1ea", "category": "Baby"},
{"title": "Tip Top 9 Grain Wholemeal Bread | 750g", "price": "$4.40", "price_calculation": "$0.59 per 100g", "category": "Bakery"},
{"title": "Coles  Roasted Pumpkin Seed & Purple Wheat Panini | 3 pack", "price": "$3.75", "price_calculation": "$1.25 per 1ea", "category": "Bakery"},
{"title": "Avent Air Mix Deco Soothers 6-18 Months | 2 pack", "price": "$8.37", "price_calculation": "$4.19 per 1ea", "category": "Baby"},
{"title": "Coles Bakery Mini Cheese And Bacon Rolls | 6 pack", "price": "$4.50", "price_calculation": "$0.75 per 1ea", "category": "Bakery"},
{"title": "Coles Bakery Iced Ring Donut Mixed | 2 pack", "price": "$3.75", "price_calculation": "$1.88 per 1ea", "category": "Bakery"},
{"title": "Fisher-price Or Disney 10 Second Digital Thermometer | 1 each", "price": "$9.00", "price_calculation": "$9.00 per 1ea", "category": "Baby"},
{"title": "Coles Banana Muffin Bars | 420g", "price": "$5.25", "price_calculation": "$1.25 per 100g", "category": "Bakery"},
{"title": "Coles White Large Jumbo Wraps 8 Pack | 560g", "price": "$4.00", "price_calculation": "$0.71 per 100g", "category": "Bakery"},
{"title": "CUB Toddler Nappy Pants Size 4 | 25 pack", "price": "$9.50", "price_calculation": "$0.38 per 1ea", "category": "Baby"},
{"title": "Coles Bakery By Laurent Ciabatta Loaf | 1 each", "price": "$3.00", "price_calculation": "$3.00 per 1ea", "category": "Bakery"},
{"title": "Abbott's Bakery Harvest Seeds And Grain Bread | 750g", "price": "$4.90", "price_calculation": "$0.65 per 100g", "category": "Bakery"},
{"title": "Huggies Drynites Night Pants Boy Size 2-4 Years | 10 pack", "price": "$10.00", "price_calculation": "$1.00 per 1ea", "category": "Baby"},
{"title": "Coles Bakery Mini Hawaiian Pizza Rolls | 6 pack", "price": "$4.50", "price_calculation": "$0.75 per 1ea", "category": "Bakery"},
{"title": "Helga's Spinach & Garden Herb Wraps 7 pack | 445g", "price": "$3.00", "price_calculation": "$0.67 per 100g", "category": "Bakery"},
{"title": "Bonjela Fast Acting Teething & Mouth Ulcer Gel 87mg/g Choline Salicylate | 15g", "price": "$10.00", "price_calculation": "$66.67 per 100g", "category": "Baby"},
{"title": "Coles Bakery Custard Tarts 2 Pack | 260g", "price": "$5.75", "price_calculation": "$2.21 per 100g", "category": "Bakery"},
{"title": "MEB Pita Souvlaki | 450g", "price": "$1.90", "price_calculation": "$0.42 per 100g", "category": "Bakery"},
{"title": "ICD Degradable Nappy Sacks  | 400 pack", "price": "$10.00", "price_calculation": "$2.50 per 100ea", "category": "Baby"},
{"title": "Coles Bakery Tiger Baguette Twin Pack | 2 pack", "price": "$1.90", "price_calculation": "$0.95 per 1ea", "category": "Bakery"},
{"title": "Coles Bakery High Fibre Low Gi White Toast Loaf | 330g", "price": "$2.50", "price_calculation": "$0.76 per 100g", "category": "Bakery"},
{"title": "Coles Gold Newborn Infant Formula Stage 1 | 900g", "price": "$14.00", "price_calculation": "$1.56 per 100g", "category": "Baby"},
{"title": "Coles Tiramisu | 500g", "price": "$10.60", "price_calculation": "$2.12 per 100g", "category": "Bakery"},
{"title": "Coles Bakery High Fibre Low Gi 7 Seeds & Grain Toast Loaf | 400g", "price": "$2.50", "price_calculation": "$0.63 per 100g", "category": "Bakery"},
{"title": "Bepanthen Antiseptic Soothing Cream | 100g", "price": "$14.70", "price_calculation": "$14.70 per 100g", "category": "Baby"},
{"title": "Coles Bakery Cake Madeira Lemon | 315g", "price": "$3.30", "price_calculation": "$1.05 per 100g", "category": "Bakery"},
{"title": "Coles Bakery Stone Baked By Laurent Sourdough Baguette | 1 each", "price": "$3.00", "price_calculation": "$3.00 per 1ea", "category": "Bakery"},
{"title": "Karicare+ 4 Toddler Milk Drink From 2 Years | 900g", "price": "$16.00", "price_calculation": "$1.78 per 100g", "category": "Baby"},
{"title": "Helga's Sourdough Bread | 650g", "price": "$4.90", "price_calculation": "$0.75 per 100g", "category": "Bakery"},
{"title": "Atlantic Special Rye Bread | 900g", "price": "$7.30", "price_calculation": "$0.81 per 100g", "category": "Bakery"},
{"title": "Rascal + Friends Nappies Size 3 Crawler | 44 pack", "price": "$16.00", "price_calculation": "$36.36 per 100ea", "category": "Baby"},
{"title": "Coles Mini Parmesan & Onion Pane Di Casa | 1 each", "price": "$2.50", "price_calculation": "$2.50 per 1ea", "category": "Bakery"},
{"title": "Abe's Bagels Natural Bagels 4 Pack | 360g", "price": "$4.50", "price_calculation": "$1.25 per 100g", "category": "Bakery"},
{"title": "Bunjie Baby Hide & Squeak Bubble Bath | 500mL", "price": "$16.00", "price_calculation": "$3.20 per 100mL", "category": "Baby"},
{"title": "Laurent Almond Croissant | 1 each", "price": "$4.50", "price_calculation": "$4.50 per 1ea", "category": "Bakery"},
{"title": "Coles Bakery Traditional Sponge Cream Filled Iced | 450g", "price": "$6.75", "price_calculation": "$1.50 per 100g", "category": "Bakery"},
{"title": "B.box Snackbox Assorted | 1 pack", "price": "$16.00", "price_calculation": "$16.00 per 1ea", "category": "Baby"},
{"title": "Mission Original  Mini Wraps 8 pack | 384g", "price": "$5.50", "price_calculation": "$1.43 per 100g", "category": "Bakery"},
{"title": "B.box Sippy Cup For Kids | 1 each", "price": "$16.50", "price_calculation": "$16.50 per 1ea", "category": "Baby"},
{"title": "Coles Finest By Laurent Wholemeal Sourdough Vienna | 1 each", "price": "$6.50", "price_calculation": "$6.50 per 1ea", "category": "Bakery"},
{"title": "Gaia Natural Baby Hair & Body Wash | 500mL", "price": "$17.00", "price_calculation": "$3.40 per 100mL", "category": "Baby"},
{"title": "Cadbury Mini Rolls Chocolate 5pack | 115g", "price": "$3.00", "price_calculation": "$2.61 per 100g", "category": "Bakery"},
{"title": "Dine Classic Collection Pouch Tuna In Jelly Cat Food | 85g", "price": "$1.50", "price_calculation": "$1.76 per 100g", "category": "Pet"},
{"title": "Huggies Little Swimmers Swim Nappies Small (7-12kg) | 12 pack", "price": "$17.00", "price_calculation": "$1.42 per 1ea", "category": "Baby"},
{"title": "Coles Bakery High Fibre Low GI 7 Seeds & Grain Rolls | 4 pack", "price": "$3.50", "price_calculation": "$0.88 per 1ea", "category": "Bakery"},
{"title": "Dine Classic Collection Pouch Chicken In Gravy Cat Food | 85g", "price": "$1.50", "price_calculation": "$1.76 per 100g", "category": "Pet"},
{"title": "Coles Bakery BBQ Cheese And Bacon Mini Pizza Rolls | 6 pack", "price": "$4.50", "price_calculation": "$0.75 per 1ea", "category": "Bakery"},
{"title": "My Dog Adult Wet Dog Food Gourmet Premium Beef With Cheese Select Toppings | 100g", "price": "$1.70", "price_calculation": "$1.70 per 100g", "category": "Pet"},
{"title": "Coles Double Chocolate Muffins | 4 Pack", "price": "$4.70", "price_calculation": "$1.18 per 1ea", "category": "Bakery"},
{"title": "Coles Dog Food Casserole Beef Pasta & Vegetables | 700g", "price": "$2.25", "price_calculation": "$0.32 per 100g", "category": "Pet"},
{"title": "Bars Bugs Windscreen Wash Additive | 375mL", "price": "$5.00", "price_calculation": "$5.00 per 1ea", "category": "Household"},
{"title": "Coles Bakery Jam Filled Berliner Donut | 2 pack", "price": "$3.75", "price_calculation": "$1.88 per 1ea", "category": "Bakery"},
{"title": "Dine Desire Pure Tuna Whitemeat Grain Free Wet Cat Food Can | 85g", "price": "$2.30", "price_calculation": "$2.71 per 100g", "category": "Pet"},
{"title": "Cook & Dine Grey Speckle Pasta Bowl | 1 each", "price": "$5.00", "price_calculation": "$5.00 per 1ea", "category": "Household"},
{"title": "Tip Top White Hamburger Rolls | 6 pack", "price": "$4.00", "price_calculation": "$0.67 per 1ea", "category": "Bakery"},
{"title": "Coles Bird Treat Large Wild Bird | 300g", "price": "$2.40", "price_calculation": "$0.80 per 100g", "category": "Pet"},
{"title": "Cook & Dine Grey Speckle Side Plate | 1 each", "price": "$5.00", "price_calculation": "$5.00 per 1ea", "category": "Household"},
{"title": "Golden Light & Buttery Waffles 8 pack | 220g", "price": "$4.50", "price_calculation": "$2.05 per 100g", "category": "Bakery"},
{"title": "Fussy Cat Twice As Tasty Cat Food Mince & Jelly Chicken With Prawns | 70g", "price": "$2.50", "price_calculation": "$3.57 per 100g", "category": "Pet"},
{"title": "Cook & Dine Natural Reactive Glaze Dinner Plate | 1 each", "price": "$5.00", "price_calculation": "$5.00 per 1ea", "category": "Household"},
{"title": "Coles Bakery Stone Baked By Laurent Soybean & Linseed Sourdough Vienna | 1 each", "price": "$5.00", "price_calculation": "$5.00 per 1ea", "category": "Bakery"},
{"title": "Applaws Whole Mackarel Loin Cat Treats | 30g", "price": "$2.80", "price_calculation": "$9.33 per 100g", "category": "Pet"},
{"title": "Cook & Dine Natural Reactive Glaze Cereal Bowl | 1 each", "price": "$5.00", "price_calculation": "$5.00 per 1ea", "category": "Household"},
{"title": "Mission Roasted Garlic Wraps 8 pack | 567g", "price": "$5.50", "price_calculation": "$0.97 per 100g", "category": "Bakery"},
{"title": "Applaws Taste Toppers Dog Tin Chicken Breast With Beef Liver & Vegetables In Broth Dog Food | 156g", "price": "$3.00", "price_calculation": "$1.92 per 100g", "category": "Pet"},
{"title": "Cook & Dine Napkins | 2 pack", "price": "$5.00", "price_calculation": "$2.50 per 1ea", "category": "Household"},
{"title": "Balconi Mix Max Cocoa Cakes 10 pack | 350g", "price": "$7.25", "price_calculation": "$2.07 per 100g", "category": "Bakery"},
{"title": "Applaws Taste Toppers Dog Tin Chicken Breast With Lamb In Gravy Dog Food | 156g", "price": "$3.00", "price_calculation": "$1.92 per 100g", "category": "Pet"},
{"title": "Cook & Dine Plain Napkins | 2 pack", "price": "$5.00", "price_calculation": "$2.50 per 1ea", "category": "Household"},
{"title": "Coles Bakery White Finger Buns | 4 pack", "price": "$3.00", "price_calculation": "$0.75 per 1ea", "category": "Bakery"},
{"title": "Woofin Good Beef Ear Dog Treat | 1 pack", "price": null, "price_calculation": null, "category": "Pet"},
{"title": "Redheads Butane Gas Refill | 18mL", "price": "$5.00", "price_calculation": "$27.78 per 100mL", "category": "Household"},
{"title": "Coles Bakery Butter Shortbread | 12 pack", "price": "$4.50", "price_calculation": "$0.38 per 1ea", "category": "Bakery"},
{"title": "Trill Honey Sticks for Budgies Variety Pack Bird Treat | 3 pack", "price": "$4.00", "price_calculation": "$3.81 per 100g", "category": "Pet"},
{"title": "Oakwood Renovating Polish Brown 65g | 1 each", "price": "$5.00", "price_calculation": "$5.00 per 1ea", "category": "Household"},
{"title": "Helga's Continental Bakehouse Wholemeal Grain Bread | 850g", "price": "$4.90", "price_calculation": "$0.58 per 100g", "category": "Bakery"},
{"title": "Trill Honey Sticks for Budgies & Cockatiels Bird Treat | 105g", "price": "$4.00", "price_calculation": "$3.81 per 100g", "category": "Pet"},
{"title": "Kolotex Sheer Relief Trouser Sock Black One size Fits All | 1 pack", "price": "$5.00", "price_calculation": null, "category": "Household"},
{"title": "Coles Banana Bread | 550g", "price": "$5.60", "price_calculation": "$1.02 per 100g", "category": "Bakery"},
{"title": "Schmackos Chomp N Chew With Peanut Butter & Chicken Flavoured Dog Treat Large | 60g", "price": "$5.00", "price_calculation": "$5.00 per 1ea", "category": "Pet"},
{"title": "Waxworks Citronella Pie Dish Candle | 1 each", "price": "$5.00", "price_calculation": "$5.00 per 1ea", "category": "Household"},
{"title": "Coles Finest Sourdough Pane Di Casa With Sesame | 1 pack", "price": "$6.50", "price_calculation": "$6.50 per 1ea", "category": "Bakery"},
{"title": "Purr Cat Food Meaty Selection 85g | 6 pack", "price": "$5.70", "price_calculation": "$1.12 per 100g", "category": "Pet"},
{"title": "Chux Collections Microfibre All Purpose Cloth | 1 pack", "price": "$5.00", "price_calculation": "$5.00 per 1ea", "category": "Household"},
{"title": "Coles Macarons Selection 10 pack | 110g", "price": "$10.50", "price_calculation": "$9.55 per 100g", "category": "Bakery"},
{"title": "Purr Singles Cat Food Chicken Selection 6x85g | 6 pack", "price": "$5.70", "price_calculation": "$1.12 per 100g", "category": "Pet"},
{"title": "Toolworx Hammer | 1 pack", "price": "$5.12", "price_calculation": null, "category": "Household"},
{"title": "MEB Pita Pockets Wholemeal 6 pack | 250g", "price": "$2.70", "price_calculation": "$1.08 per 100g", "category": "Bakery"},
{"title": "Applaws Grainfree Ocean Fish With Salmon Dry Cat Food | 450g", "price": "$6.00", "price_calculation": "$1.33 per 100g", "category": "Pet"},
{"title": "Nuby Silly Shakers | 1 each", "price": "$10.50", "price_calculation": "$10.50 per 1ea", "category": "Household"},
{"title": "Coles Bakery Fantasy Finger Buns | 4 pack", "price": "$3.00", "price_calculation": "$0.75 per 1ea", "category": "Bakery"},
{"title": "Woofin Good Calming Dog Treat | 150g", "price": "$7.00", "price_calculation": "$4.67 per 100g", "category": "Pet"},
{"title": "Off! Tropical Strength Insect Repellent Aerosol Spray | 150g", "price": "$9.50", "price_calculation": "$6.33 per 100g", "category": "Household"},
{"title": "Tip Top White Gourmet Pizza Base 2 pack | 440g", "price": "$3.20", "price_calculation": "$0.73 per 100g", "category": "Bakery"},
{"title": "Applaws Fish Selection In Broth Cat Food Pouch | 5 pack", "price": "$7.25", "price_calculation": "$2.90 per 100g", "category": "Pet"},
{"title": "Fisher Price Rock-A-Stack | 1 each", "price": "$11.00", "price_calculation": null, "category": "Household"},
{"title": "Mission Souvlaki Bread | 320g", "price": "$4.00", "price_calculation": "$1.25 per 100g", "category": "Bakery"},
{"title": "Friskies Seafood Sensations Adult Cat Food | 1kg", "price": "$8.00", "price_calculation": "$0.80 per 100g", "category": "Pet"},
{"title": "Coles Stainless Steel Straws | 4 pack", "price": "$5.50", "price_calculation": "$1.38 per 1ea", "category": "Household"},
{"title": "Tip Top 9 Grain Original Bread | 700g", "price": "$4.40", "price_calculation": "$0.63 per 100g", "category": "Bakery"},
{"title": "Doggylicious Dog Treat Calming Doggy Butter | 250g", "price": "$8.00", "price_calculation": "$3.20 per 100g", "category": "Pet"},
{"title": "Raid Pest Odourless Flying Insect Spray Killer | 350g", "price": "$5.50", "price_calculation": "$1.57 per 100g", "category": "Household"},
{"title": "Burgen Soy & Linseed Bread | 700g", "price": "$5.90", "price_calculation": "$0.84 per 100g", "category": "Bakery"},
{"title": "Farmers Market Adult Wet Dog Food Roast Chicken With Lentils 6x100g | 6 pack", "price": "$8.50", "price_calculation": "$1.42 per 100g", "category": "Pet"},
{"title": "Vanish Preen Pre-Wash Oxi action Intelligence Stain Remover Refill  | 375mL", "price": "$5.50", "price_calculation": "$14.67 per 1L", "category": "Household"},
{"title": "Coles Finest By Laurent Rye Sourdough Vienna | 1 each", "price": "$6.50", "price_calculation": "$6.50 per 1ea", "category": "Bakery"},
{"title": "Purr Chicken Selection Cat Food 12x85g | 12 pack", "price": "$8.80", "price_calculation": "$0.86 per 100g", "category": "Pet"},
{"title": "Crest HDMI Cable 1.5m High Speed With Ethernet | 1 each", "price": "$5.87", "price_calculation": "$5.87 per 1ea", "category": "Household"},
{"title": "Toscano Traditional Butter Waffles 4 pack | 360g", "price": "$7.50", "price_calculation": "$2.08 per 100g", "category": "Bakery"},
{"title": "Fussy Cat Cat Food Pouch Mince & Jelly 12x80g | 12 pack", "price": "$9.45", "price_calculation": "$0.98 per 100g", "category": "Pet"},
{"title": "Peoples Friend | 1 each", "price": "$5.90", "price_calculation": "$5.90 per 1ea", "category": "Household"},
{"title": "Mr Kipling Cherry & Almond Bakewells Tarts 6 pack | 250g", "price": "$3.25", "price_calculation": "$1.30 per 100g", "category": "Bakery"},
{"title": "My Dog Adult Wet Dog Food Fillets In Gravy With Delicate Chicken 6x100G Trays | 6 pack", "price": "$9.50", "price_calculation": "$1.58 per 100g", "category": "Pet"},
{"title": "Magazine New Idea Puzzler | 1 each", "price": "$5.99", "price_calculation": null, "category": "Household"},
{"title": "Coles Bakery Chocolate Chip Shortbread | 12 pack", "price": "$4.50", "price_calculation": "$0.38 per 1ea", "category": "Bakery"},
{"title": "Farmers Market Grain Free Kitten Wet Cat Food Variety Pack | 6 pack", "price": "$9.50", "price_calculation": "$1.98 per 100g", "category": "Pet"},
{"title": "Bic Atlantis Pens Blue | 4 pack", "price": "$6.00", "price_calculation": "$1.50 per 1ea", "category": "Household"},
{"title": "Coles Cream And Jam Filled Donuts | 6 pack", "price": "$5.00", "price_calculation": "$0.83 per 1ea", "category": "Bakery"},
{"title": "My Dog Adult Wet Dog Food Tasty Kangaroo Meaty Loaf 100g Trays | 6 pack", "price": "$9.50", "price_calculation": "$1.58 per 100g", "category": "Pet"},
{"title": "Mix Sheer Knee Highs 15 Denier Black Size 1 | 4 pack", "price": "$6.00", "price_calculation": "$1.50 per 1ea", "category": "Household"},
{"title": "Coles Bakery Ultimate White Chocolate Chip Cookie | 6 pack", "price": "$3.50", "price_calculation": "$0.58 per 1ea", "category": "Bakery"},
{"title": "Lux And Bones Tug Dog Toy | 1 pack", "price": "$10.00", "price_calculation": "$10.00 per 1ea", "category": "Pet"},
{"title": "Ikina Bamboo Fibre Lunch Box | 1 each", "price": "$6.00", "price_calculation": "$6.00 per 1ea", "category": "Household"},
{"title": "Coles Salted Caramel & White Chocolate Cookies | 6 Pack", "price": "$3.50", "price_calculation": "$0.58 per 1ea", "category": "Bakery"},
{"title": "Elevate Calming Support Dog Treat | 300g", "price": "$10.50", "price_calculation": "$3.50 per 100g", "category": "Pet"},
{"title": "Pokemon Trading Cards Blister 1 | 1 pack", "price": "$6.00", "price_calculation": null, "category": "Household"},
{"title": "Coles Bakery Custard Bunlet | 6 pack", "price": "$3.50", "price_calculation": "$0.58 per 1ea", "category": "Bakery"},
{"title": "Coles Dog Training Pads | 15 pack", "price": "$12.00", "price_calculation": null, "category": "Pet"},
{"title": "Coles Sticky Notes Assorted Colours | 5 pack", "price": "$6.00", "price_calculation": "$1.20 per 1ea", "category": "Household"},
{"title": "Coles Stonebaked By Laurent White Sourdough Rolls Garlic Bread | 3 pack", "price": "$4.00", "price_calculation": "$1.33 per 1ea", "category": "Bakery"},
{"title": "Whiskas Favourites Beef In Gravy Cat Food 12x85g | 12 pack", "price": "$12.00", "price_calculation": "$1.18 per 100g", "category": "Pet"},
{"title": "Coles Pastel Document Wallet | 5 pack", "price": "$6.00", "price_calculation": "$1.20 per 1ea", "category": "Household"},
{"title": "Mountain Bread Rye Wraps 8 pack | 200g", "price": "$4.00", "price_calculation": "$2.00 per 100g", "category": "Bakery"},
{"title": "Whiskas Favourites Chicken In Gravy Cat Food 12x85g | 12 pack", "price": "$12.00", "price_calculation": "$1.18 per 100g", "category": "Pet"},
{"title": "Mix Silky Control Ph Natural Tall | 1 each", "price": "$6.00", "price_calculation": "$6.00 per 1ea", "category": "Household"},
{"title": "Whiskas Favourites Mixed In Gravy Cat Food 12x85g | 12 pack", "price": "$12.00", "price_calculation": "$1.18 per 100g", "category": "Pet"},
{"title": "Mix All Over Shaper Black Average | 1 each", "price": "$6.00", "price_calculation": "$6.00 per 1ea", "category": "Household"},
{"title": "Applaws Taste Toppers Dog Tin Multipack Chicken Selection In Gravy Dog Food 5X156g | 5 pack", "price": "$12.50", "price_calculation": "$1.60 per 100g", "category": "Pet"},
{"title": "Mix All Over Shaper Black Tall | 1 each", "price": "$6.00", "price_calculation": "$6.00 per 1ea", "category": "Household"},
{"title": "Applaws Taste Toppers Chicken Selection In Stew Dog Food Tin Multipack 5X156g | 5 pack", "price": "$12.50", "price_calculation": "$1.60 per 100g", "category": "Pet"},
{"title": "Mix All Over Shaper Bronze Ave | 1 each", "price": "$6.00", "price_calculation": "$6.00 per 1ea", "category": "Household"},
{"title": "Dine Desire Tuna Fillets & Prawn In Sauce Grain Free Wet Cat Food 85g | 6 pack", "price": "$12.50", "price_calculation": "$2.45 per 100g", "category": "Pet"},
{"title": "Clio Ultra Low Cut Footlet Natural One Size | 1 each", "price": "$6.00", "price_calculation": "$6.00 per 1ea", "category": "Household"},
{"title": "Woofin Good Chunks In Gravy Mixed Selection Beef Lamb & Pork Dog Food Pouches 12X100g | 12 pack", "price": "$13.00", "price_calculation": "$1.08 per 100g", "category": "Pet"},
{"title": "Clio Girl Sneaker Footlet Black One Size | 1 each", "price": "$6.00", "price_calculation": "$6.00 per 1ea", "category": "Household"},
{"title": "Optimum Natural Defence Skin And Coat Cat Food 12x85g | 12 pack", "price": "$13.00", "price_calculation": "$1.27 per 100g", "category": "Pet"},
{"title": "Petooties 4 Plush Assorted | 1 each", "price": null, "price_calculation": null, "category": "Household"},
{"title": "Purina Total Care Palatable Allwormer Cat Kittens Treatment Tablets | 2 pack", "price": "$13.20", "price_calculation": "$6.60 per 1ea", "category": "Pet"},
{"title": "Mr Clean Synthetic Chamois | 1 pack", "price": "$6.00", "price_calculation": "$6.00 per 1ea", "category": "Household"},
{"title": "Whiskas Sardine & Prawn Adult Dry Cat Food | 1.8kg", "price": "$14.00", "price_calculation": "$0.78 per 100g", "category": "Pet"},
{"title": "My Big Green Book Of Colouring | 1 each", "price": "$6.00", "price_calculation": "$6.00 per 1ea", "category": "Household"},
{"title": "Whiskas Adult 7+ Dry Cat Food With Tuna & Sardine | 1.8kg", "price": "$14.00", "price_calculation": "$0.78 per 100g", "category": "Pet"},
{"title": "Samba 3 In 1 Easy Light Firelog | 1 each", "price": "$6.00", "price_calculation": "$6.00 per 1ea", "category": "Household"},
{"title": "Purina Felix As Good As It Looks Kitten Menu Cat Food 85g Pouch | 12 pack", "price": "$14.50", "price_calculation": "$1.42 per 100g", "category": "Pet"},
{"title": "Fila Fxt Massage Ball | 1 each", "price": "$6.00", "price_calculation": "$6.00 per 1ea", "category": "Household"},
{"title": "Applaws Tin Mp Cuisine Selection Cat Food 8x70g | 8 pack", "price": "$15.00", "price_calculation": "$2.68 per 100g", "category": "Pet"},
{"title": "Sabco Flat Mop Refill | 1 each", "price": "$6.00", "price_calculation": "$6.00 per 1ea", "category": "Household"},
{"title": "Farmers Market Adult Dry Dog Food Beef With Farm Vegetables | 2.7kg", "price": "$16.00", "price_calculation": "$0.59 per 100g", "category": "Pet"},
{"title": "Oakwood Instant Shoe Polish White 75mL | 1 each", "price": "$6.00", "price_calculation": "$6.00 per 1ea", "category": "Household"},
{"title": "Rufus & Coco Wee Away | 250mL", "price": "$16.00", "price_calculation": "$64.00 per 1L", "category": "Pet"},
{"title": "Armor All Large Sponge | 1 each", "price": "$6.00", "price_calculation": "$6.00 per 1ea", "category": "Household"},
{"title": "Friskies Seafood Sensations Cat Food | 2.5kg", "price": "$16.50", "price_calculation": "$0.66 per 100g", "category": "Pet"},
{"title": "Toolworx 21 Piece Screwdriver Set | 1 pack", "price": "$6.12", "price_calculation": "$6.12 per 1ea", "category": "Household"},
{"title": "Toolworx Utility Scraper | 1 pack", "price": "$6.25", "price_calculation": "$6.25 per 1ea", "category": "Household"},
{"title": "Playgro Loopy Links | 1 each", "price": "$12.50", "price_calculation": "$12.50 per 1ea", "category": "Household"},
{"title": "Mission Crust Plain Pizza | 400g", "price": "$5.60", "price_calculation": "$1.40 per 100g", "category": "Bakery"},
{"title": "Coles IM Free From Fruit Loaf | 500g", "price": "$5.95", "price_calculation": "$1.19 per 100g", "category": "Bakery"},
{"title": "Coles Cupcakes Chocolate 4 Pack | 288g", "price": "$6.00", "price_calculation": "$2.08 per 100g", "category": "Bakery"},
{"title": "Genius Gluten Free Soft Brioche Rolls | 2 pack", "price": "$4.00", "price_calculation": "$2.00 per 1ea", "category": "Bakery"},
{"title": "Coles Date & Walnut Slices 5 Pack | 500g", "price": "$6.50", "price_calculation": "$1.30 per 100g", "category": "Bakery"},
{"title": "Simson's Pantry No Artificial Preservatives Sweet Chilli Wraps 7 pack | 445g", "price": "$5.00", "price_calculation": "$1.12 per 100g", "category": "Bakery"},
{"title": "Coles Mini Iced Cupcakes | 240g", "price": "$6.90", "price_calculation": "$2.88 per 100g", "category": "Bakery"},
{"title": "Coles I'M Free From Focaccia | 250g", "price": "$5.20", "price_calculation": "$2.08 per 100g", "category": "Bakery"},
{"title": "Toscano Gluten Free Pizza Base | 180g", "price": "$7.00", "price_calculation": "$3.89 per 100g", "category": "Bakery"},
{"title": "We Love Cake Chocolate Brownies 4 Pack | 150g", "price": "$5.75", "price_calculation": "$3.83 per 100g", "category": "Bakery"},
{"title": "Edwards Sourdough 7 Grain With Barleymax | 680g", "price": "$8.50", "price_calculation": "$1.25 per 100g", "category": "Bakery"},
{"title": "We Love Cake Lemon Slices 4 Pack | 120g", "price": "$5.75", "price_calculation": "$4.79 per 100g", "category": "Bakery"},
{"title": "Coles Natures Kitchen Carrot Cake | 450g", "price": "$9.00", "price_calculation": "$2.00 per 100g", "category": "Bakery"},
{"title": "Old Time Bakery Gluten Free Wholesome Buckwheat Wraps | 250g", "price": "$5.80", "price_calculation": "$2.32 per 100g", "category": "Bakery"},
{"title": "Coles Mini Tart Selection 6 Pack | 210g", "price": "$9.50", "price_calculation": "$4.52 per 100g", "category": "Bakery"},
{"title": "Old Time Bakery Gluten Free Lebanese Bread | 280g", "price": "$5.80", "price_calculation": "$2.07 per 100g", "category": "Bakery"},
{"title": "Coles Passionfruit Cheesecake Bar | 520g", "price": "$12.00", "price_calculation": "$2.31 per 100g", "category": "Bakery"},
{"title": "Genius Gluten Free Crumpets | 4 pack", "price": "$6.00", "price_calculation": "$1.50 per 1ea", "category": "Bakery"},
{"title": "Coles Croissant | 2 pack", "price": "$3.20", "price_calculation": "$1.60 per 1ea", "category": "Bakery"},
{"title": "Alpine Low Carb | 600g", "price": "$7.50", "price_calculation": "$1.25 per 100g", "category": "Bakery"},
{"title": "Simson's Pantry Garlic Naan Bread | 250g", "price": "$3.50", "price_calculation": "$1.40 per 100g", "category": "Bakery"},
{"title": "We Love Cake Salted Caramel & Chocolate Tarts | 2 pack", "price": "$7.50", "price_calculation": "$3.75 per 1ea", "category": "Bakery"},
{"title": "Coles Bakery Jam Sponge Roll | 400g", "price": "$3.50", "price_calculation": "$0.88 per 100g", "category": "Bakery"},
{"title": "Edwards Sourdough Organic Sourdough Bread | 680g", "price": "$8.50", "price_calculation": "$1.25 per 100g", "category": "Bakery"},
{"title": "Coles Bakery Lamington Long John | 2 pack", "price": "$5.00", "price_calculation": "$2.50 per 1ea", "category": "Bakery"},
{"title": "Coles Chocolate Dipped Biscuit | 40g", "price": "$1.75", "price_calculation": "$4.38 per 100g", "category": "Bakery"},
{"title": "Mission Lite Wrap 8 pack | 567g", "price": "$5.50", "price_calculation": "$0.97 per 100g", "category": "Bakery"},
{"title": "Coles Silver Happy Birthday Acrylic Cake Plaque Small | 1 each", "price": "$2.00", "price_calculation": "$2.00 per 1ea", "category": "Bakery"},
{"title": "Coles Fantasy Cupcakes 4 Pack | 288g", "price": "$6.00", "price_calculation": "$2.08 per 100g", "category": "Bakery"},
{"title": "Coles Gold & Silver Stars On Wire | 1 each", "price": "$3.15", "price_calculation": "$3.15 per 1ea", "category": "Bakery"},
{"title": "Liberate Gluten Free Crumpet | 240g", "price": "$6.20", "price_calculation": "$2.58 per 100g", "category": "Bakery"},
{"title": "Coles Tart Shells | 6 pack", "price": "$4.00", "price_calculation": "$0.67 per 1ea", "category": "Bakery"},
{"title": "Wonder White Bread Gluten Free | 470g", "price": "$6.30", "price_calculation": "$1.34 per 100g", "category": "Bakery"},
{"title": "Genius Gluten Free Soft White Rolls | 2 pack", "price": "$4.00", "price_calculation": "$2.00 per 1ea", "category": "Bakery"},
{"title": "Alpine Protein Bread | 680g", "price": "$6.80", "price_calculation": "$1.00 per 100g", "category": "Bakery"},
{"title": "Mission Soft & Fluffy Butter Wrap 12 pack | 450g", "price": "$5.00", "price_calculation": "$1.11 per 100g", "category": "Bakery"},
{"title": "Alpine Spelt And Sprouted Grains | 640g", "price": "$6.80", "price_calculation": "$1.06 per 100g", "category": "Bakery"},
{"title": "Coles Vol Au Vent 4 Pack | 108g", "price": "$5.85", "price_calculation": "$5.42 per 100g", "category": "Bakery"},
{"title": "Helga's Gluten Free 5 Seeds Bread | 500g", "price": "$7.50", "price_calculation": "$1.50 per 100g", "category": "Bakery"},
{"title": "Coles Sponge Unfilled Rectangular | 450g", "price": "$6.00", "price_calculation": "$1.33 per 100g", "category": "Bakery"},
{"title": "Coles Natures Kitchen Banana Bread Slices | 5 pack", "price": "$7.50", "price_calculation": "$1.50 per 1ea", "category": "Bakery"},
{"title": "Vitality Homestyle Low Carb Loaf | 520g", "price": "$6.35", "price_calculation": "$1.22 per 100g", "category": "Bakery"},
{"title": "Coles Finest Macaron Selection | 264g", "price": "$20.00", "price_calculation": "$7.58 per 100g", "category": "Bakery"},
{"title": "We Love Cake Lemon Tarts | 2 pack", "price": "$7.50", "price_calculation": "$3.75 per 1ea", "category": "Bakery"},
{"title": "Coles Bakery Stone Baked Light Rye Sub Roll | 2 pack", "price": "$3.00", "price_calculation": "$1.50 per 1ea", "category": "Bakery"},
{"title": "Edwards Sourdough Spelt Grain With Barleymax | 680g", "price": "$8.50", "price_calculation": "$1.25 per 100g", "category": "Bakery"},
{"title": "Helga's Sweet Potato Wrap | 445g", "price": "$3.00", "price_calculation": "$0.67 per 100g", "category": "Bakery"},
{"title": "Cremorn St Bakers Double Chocolate Cake 5'' | 1 each", "price": "$25.00", "price_calculation": "$25.00 per 1ea", "category": "Bakery"},
{"title": "Meb Khobz Hi Protein Low Carb 4 pack | 320g", "price": "$3.80", "price_calculation": "$1.19 per 100g", "category": "Bakery"},
{"title": "Breadtop Chocolate Ganache Bun | 1 each", "price": "$3.50", "price_calculation": "$3.50 per 1ea", "category": "Bakery"},
{"title": "Mission Low Carb Spinach And Herb Wrap | 288g", "price": "$5.50", "price_calculation": "$1.91 per 100g", "category": "Bakery"},
{"title": "Coles Brioche Buns | 4 pack", "price": "$4.00", "price_calculation": "$1.00 per 1ea", "category": "Bakery"},
{"title": "Wonder White Bread Gluten Free Wholemeal | 500g", "price": "$6.30", "price_calculation": "$1.26 per 100g", "category": "Bakery"},
{"title": "Toscano Pinsa Pizza Base | 240g", "price": "$4.50", "price_calculation": "$1.88 per 100g", "category": "Bakery"},
{"title": "Alpine Wholemeal Lower Carb | 600g", "price": "$7.50", "price_calculation": "$1.25 per 100g", "category": "Bakery"},
{"title": "Cadbury Milk Chocolate Mini Rolls 18 Pack | 445g", "price": "$12.00", "price_calculation": "$2.70 per 100g", "category": "Bakery"},
{"title": "La Fournee Doree Pain Au Chocolat 8 Pack | 360g", "price": "$7.50", "price_calculation": "$2.08 per 100g", "category": "Bakery"},
{"title": "Coles Happy Birthday Edible Cake Plaque | 1 each", "price": "$2.70", "price_calculation": "$2.70 per 1ea", "category": "Bakery"},
{"title": "Edwards Sourdough Spelt Wholemeal Bread | 680g", "price": "$8.50", "price_calculation": "$1.25 per 100g", "category": "Bakery"},
{"title": "Coles Bunting Gold | 1 each", "price": "$4.05", "price_calculation": "$4.05 per 1ea", "category": "Bakery"},
{"title": "Coles Bakery Super Sub Rolls  | 2 pack", "price": "$2.40", "price_calculation": "$1.20 per 1ea", "category": "Bakery"},
{"title": "Coles Vanilla Flavoured Meringue Kisses | 100g", "price": "$4.40", "price_calculation": "$4.40 per 100g", "category": "Bakery"},
{"title": "Mission Garlic And Herb Naan | 210g", "price": "$3.00", "price_calculation": "$1.43 per 100g", "category": "Bakery"},
{"title": "Coles Congrats Acrylic Plaque Gold & Silver | 1 each", "price": "$4.50", "price_calculation": "$4.50 per 1ea", "category": "Bakery"},
{"title": "Wholemeal Vienna | 1 each", "price": "$3.00", "price_calculation": "$3.00 per 1ea", "category": "Bakery"},
{"title": "Mr Kipling Signature Choc Brownie Bites 10 Pack | 120g", "price": "$6.90", "price_calculation": "$5.75 per 100g", "category": "Bakery"},
{"title": "Coles I'M Free From Double Chocolate Muffins | 2 pack", "price": "$3.70", "price_calculation": "$1.85 per 1ea", "category": "Bakery"},
{"title": "Edwards Sourdough Yeast Free Soya Linseed Bread | 680g", "price": "$8.50", "price_calculation": "$1.25 per 100g", "category": "Bakery"},
{"title": "Noshu 95% Sugar Free Dark Choc Raspberry Donut | 45g", "price": "$4.00", "price_calculation": "$8.89 per 100g", "category": "Bakery"},
{"title": "Coles Rich Chocolate Cake | 1600g", "price": "$41.00", "price_calculation": "$2.56 per 100g", "category": "Bakery"},
{"title": "MEB Wraps Zaatar | 300g", "price": "$4.00", "price_calculation": "$1.33 per 100g", "category": "Bakery"},
{"title": "Genius Gluten Free Triple Seeded Soft Rolls | 2 pack", "price": "$4.00", "price_calculation": "$2.00 per 1ea", "category": "Bakery"},
{"title": "Coles  Belgian Chocolate Lava Cake | 200g", "price": "$5.50", "price_calculation": "$2.75 per 100g", "category": "Bakery"},
{"title": "Mr Kipling Signature Choc Caramel Bites 10 Pack | 140g", "price": "$6.90", "price_calculation": "$4.93 per 100g", "category": "Bakery"},
{"title": "Coles Banana Caramel Cake | 400g", "price": "$5.50", "price_calculation": "$1.38 per 100g", "category": "Bakery"},
{"title": "Alpine Lower Carb Plain | 600g", "price": "$7.50", "price_calculation": "$1.25 per 100g", "category": "Bakery"},
{"title": "Coles Gluten Free Wholemeal Loaf | 500g", "price": "$5.70", "price_calculation": "$1.14 per 100g", "category": "Bakery"},
{"title": "Genius Gluten Free Artisan Seeded Cob | 385g", "price": "$8.00", "price_calculation": "$2.08 per 100g", "category": "Bakery"},
{"title": "Lawson's Traditional Settler's Grain Bread | 750g", "price": "$5.80", "price_calculation": "$0.77 per 100g", "category": "Bakery"},
{"title": "Coles Pavlova | 1 pack", "price": "$9.20", "price_calculation": "$9.20 per 1ea", "category": "Bakery"},
{"title": "Coles Carrot Cupcakes 4 Pack | 288g", "price": "$6.00", "price_calculation": "$2.08 per 100g", "category": "Bakery"},
{"title": "Bennett St Dairy Salted Caramel & White Chocolate Dough | 500g", "price": "$12.00", "price_calculation": "$2.40 per 100g", "category": "Bakery"},
{"title": "Coles Raspberry Duo Cupcakes 4 pack | 288g", "price": "$7.50", "price_calculation": "$2.60 per 100g", "category": "Bakery"},
{"title": "Dreams Crumb True Mixed Brookies | 4 pack", "price": "$13.00", "price_calculation": "$3.25 per 1ea", "category": "Bakery"},
{"title": "Coles Choc Duo Cupcakes 4 pack | 288g", "price": "$7.50", "price_calculation": "$2.60 per 100g", "category": "Bakery"},
{"title": "Coles Acrylic Plaque Gold & Silver Oh Baby | 1 each", "price": "$3.00", "price_calculation": "$3.00 per 1ea", "category": "Bakery"},
{"title": "Genius Stone Baked Pita Breads | 3 pack", "price": "$5.00", "price_calculation": "$1.67 per 1ea", "category": "Bakery"},
{"title": "Toscano Choco Chip Waffles 4 pack | 360g", "price": "$7.50", "price_calculation": "$2.08 per 100g", "category": "Bakery"},
{"title": "Coles Finest Pain Au Chocolate Single | 1 each", "price": "$3.00", "price_calculation": "$3.00 per 1ea", "category": "Bakery"},
{"title": "Mr Donut Iced Chocolate Jam Donuts | 4 pack", "price": "$5.50", "price_calculation": "$1.38 per 1ea", "category": "Bakery"},
{"title": "Coles Bakery Passionfruit Decorated Pavlova | 410g", "price": "$13.50", "price_calculation": "$3.29 per 100g", "category": "Bakery"},
{"title": "Coles Rainbow Scene Setter | 1 each", "price": "$3.15", "price_calculation": "$3.15 per 1ea", "category": "Bakery"},
{"title": "Mission Mini Wrap Wholegrain 8 pack | 384g", "price": "$5.50", "price_calculation": "$1.43 per 100g", "category": "Bakery"},
{"title": "Coles Round Black Acrylic Happy Birthday Plaque | 1 each", "price": "$4.05", "price_calculation": "$4.05 per 1ea", "category": "Bakery"},
{"title": "We Love Cake Raspberry Ripple Slices 4 Pack | 118g", "price": "$5.75", "price_calculation": "$4.87 per 100g", "category": "Bakery"},
{"title": "Coles Banana Caramel Muffins 2 Pack | 250g", "price": "$5.85", "price_calculation": "$2.34 per 100g", "category": "Bakery"},
{"title": "Coles Kitchen Zucchini Noodles | 250g", "price": "$3.00", "price_calculation": "$12.00 per 1kg", "category": "Fruit & Vegetables"},
{"title": "Coles Lemon Roulade | 450g", "price": "$14.00", "price_calculation": "$3.11 per 100g", "category": "Bakery"},
{"title": "La Fournee Doree Brioche Burger Buns With Sesame Seeds 4 Pack | 250g", "price": null, "price_calculation": null, "category": "Bakery"},
{"title": "Coles Grapefruits Prepack | 3 pack", "price": "$3.50", "price_calculation": "$1.17 per 1ea", "category": "Fruit & Vegetables"},
{"title": "Noshu 95% Sugar Free Birthday Cake Donut | 45g", "price": "$4.00", "price_calculation": "$8.89 per 100g", "category": "Bakery"},
{"title": "Abbott's Bakery Gluten Free Soy And Linseed Bread | 500g", "price": "$7.00", "price_calculation": "$1.40 per 100g", "category": "Bakery"},
{"title": "Coles Kitchen Broccoslaw | 300g", "price": "$4.00", "price_calculation": "$13.33 per 1kg", "category": "Fruit & Vegetables"},
{"title": "Noshu 95% Sugar Free Caramel Spice Donut | 45g", "price": "$4.00", "price_calculation": "$8.89 per 100g", "category": "Bakery"},
{"title": "McCain Frozen Hash Browns | 750g", "price": "$4.50", "price_calculation": "$6.00 per 1kg", "category": "Frozen"},
{"title": "Tip Top The One Gluten Free Smooth Wholegrain | 550g", "price": "$7.00", "price_calculation": "$1.27 per 100g", "category": "Bakery"},
{"title": "Coles Fresh Celeriac Bunch | 1 bunch", "price": "$4.50", "price_calculation": "$4.50 per 1ea", "category": "Fruit & Vegetables"},
{"title": "Mountain Bread Natural Wraps 8 Pack | 200g", "price": "$4.00", "price_calculation": "$2.00 per 100g", "category": "Bakery"},
{"title": "Gym Bod Cookies And Cream | 475mL", "price": "$9.00", "price_calculation": "$1.89 per 100mL", "category": "Frozen"},
{"title": "Herman Brot Lower Carb Lower Carb High Protein Sourdough Loaf | 550g", "price": "$7.50", "price_calculation": "$1.36 per 100g", "category": "Bakery"},
{"title": "Coles Kitchen Bacon Cobb Salad Bowl | 200g", "price": "$5.00", "price_calculation": "$25.00 per 1kg", "category": "Fruit & Vegetables"},
{"title": "Coles Bakery Rock Cakes | 6 pack", "price": "$4.80", "price_calculation": "$0.80 per 1ea", "category": "Bakery"},
{"title": "Gym Bod Peanut Butter Salted Caramel | 475mL", "price": "$9.00", "price_calculation": "$1.89 per 100mL", "category": "Frozen"},
{"title": "Vittoria Inca Peru Nespresso Compatible Coffee Capsules | 10 pack", "price": "$4.50", "price_calculation": "$0.45 per 1ea", "category": "Drinks"},
{"title": "Coles Apple Berry Crumble Tart | 720g", "price": "$13.00", "price_calculation": "$1.81 per 100g", "category": "Bakery"},
{"title": "Coles Organic Green Beans Prepacked | 250g", "price": "$6.00", "price_calculation": "$24.00 per 1kg", "category": "Fruit & Vegetables"},
{"title": "Coles Rocky Road | 250g", "price": "$6.40", "price_calculation": "$2.56 per 100g", "category": "Bakery"},
{"title": "Gym Bod Chocolate Pudding | 475mL", "price": "$9.00", "price_calculation": "$1.89 per 100mL", "category": "Frozen"},
{"title": "Lo Bros Organic Kombucha Limited Edition | 750mL", "price": "$5.00", "price_calculation": "$6.67 per 1L", "category": "Drinks"},
{"title": "Coles Mini Dessert Selection | 20 pack", "price": "$22.00", "price_calculation": "$3.14 per 100g", "category": "Bakery"},
{"title": "Coles Kitchen Kaleslaw Kit | 550g", "price": "$7.00", "price_calculation": "$12.73 per 1kg", "category": "Fruit & Vegetables"},
{"title": "Alpine Spelt & Barley | 640g", "price": "$6.80", "price_calculation": "$1.06 per 100g", "category": "Bakery"},
{"title": "Streets Blue Ribbon Vanilla Ice Cream Tub | 2L", "price": "$7.00", "price_calculation": "$0.35 per 100mL", "category": "Frozen"},
{"title": "Sanpellegrino Chinotto Drink Cans | 4 pack", "price": "$5.00", "price_calculation": "$6.25 per 1L", "category": "Drinks"},
{"title": "Helgas Prebiotic Wrap White | 380g", "price": "$3.00", "price_calculation": "$0.79 per 100g", "category": "Bakery"},
{"title": "Market Lane Smoked Almonds | 500g", "price": "$10.00", "price_calculation": "$20.00 per 1kg", "category": "Fruit & Vegetables"},
{"title": "Vitality Spelt Wholemeal Chia | 580g", "price": "$7.00", "price_calculation": "$1.21 per 100g", "category": "Bakery"},
{"title": "Streets Magnum Luxe Caramel Ego Ice Cream 4 Pack | 388mL", "price": "$11.50", "price_calculation": "$2.96 per 100mL", "category": "Frozen"},
{"title": "Bundaberg Brewed Lemon Lime Bitters 6x200mL | 6 pack", "price": "$5.15", "price_calculation": "$4.29 per 1L", "category": "Drinks"},
{"title": "Coles Bakery Wholemeal Loaf | 800g", "price": "$3.50", "price_calculation": "$0.44 per 100g", "category": "Bakery"},
{"title": "Coles Perform Build Chicken Burrito Salad | 320g", "price": "$10.00", "price_calculation": "$3.13 per 100g", "category": "Fruit & Vegetables"},
{"title": "Abbott's Village Bakery Gluten Free Sourdough Grain And Seeds | 500g", "price": "$7.00", "price_calculation": "$1.40 per 100g", "category": "Bakery"},
{"title": "Streets Golden Gaytime Ice Cream Sticks 4 pack | 400mL", "price": "$10.00", "price_calculation": "$2.50 per 100mL", "category": "Frozen"},
{"title": "Daley Street Dark Coffee Ground | 200g", "price": "$5.50", "price_calculation": "$2.75 per 100g", "category": "Drinks"},
{"title": "Coles Gluten Free White Rolls 2 Pack | 140g", "price": "$3.60", "price_calculation": "$2.57 per 100g", "category": "Bakery"},
{"title": "Coles Honey Cashews | approx 100g", "price": "$3.10", "price_calculation": "$31.00 per 1kg", "category": "Fruit & Vegetables"},
{"title": "Coles Chocolate Celebration Cake | 1.2kg", "price": "$14.50", "price_calculation": "$1.21 per 100g", "category": "Bakery"},
{"title": "Mars Chocolate Smooth Creamy Ice Bar 6 Pack | 295mL", "price": "$9.00", "price_calculation": "$3.05 per 100mL", "category": "Frozen"},
{"title": "Queen Victoria Earl Grey Tea Bags | 100 pack", "price": "$5.50", "price_calculation": "$0.06 per 1ea", "category": "Drinks"},
{"title": "Coles Meringue Nests 8 pack | 80g", "price": "$4.85", "price_calculation": "$6.06 per 100g", "category": "Bakery"},
{"title": "Coles Chef Blend Italian Style Leaf Blend | 150g", "price": "$3.50", "price_calculation": "$23.33 per 1kg", "category": "Fruit & Vegetables"},
{"title": "MEB Pita Family Wholemeal 5 pack | 225g", "price": "$2.30", "price_calculation": "$1.02 per 100g", "category": "Bakery"},
{"title": "Snickers Creamy Ice Bar 6 Pack | 300mL", "price": "$9.00", "price_calculation": "$3.00 per 100mL", "category": "Frozen"},
{"title": "Golden Circle Breakfast Juice No Added Sugar | 3L", "price": "$5.50", "price_calculation": "$1.83 per 1L", "category": "Drinks"},
{"title": "Tip Top Potato Bun | 4 pack", "price": "$5.50", "price_calculation": "$1.38 per 1ea", "category": "Bakery"},
{"title": "Coles Radicchio Lettuce | 1 each", "price": "$3.50", "price_calculation": "$3.50 per 1ea", "category": "Fruit & Vegetables"},
{"title": "Simson's Pantry Preservative Free White Mini Wraps 6 Pack | 168g", "price": "$3.00", "price_calculation": "$1.79 per 100g", "category": "Bakery"},
{"title": "McCain Pub Style Extra Crispy Fries | 750g", "price": "$4.80", "price_calculation": "$6.40 per 1kg", "category": "Frozen"},
{"title": "Mount Franklin Sparkling Water Cans Passionfruit 6X250mL | 6 pack", "price": "$5.80", "price_calculation": "$3.87 per 1L", "category": "Drinks"},
{"title": "Coles Rainbow Cake | 1.4kg", "price": "$31.00", "price_calculation": "$2.21 per 100g", "category": "Bakery"},
{"title": "Gourmet Garden Lightly Dried Parsley Prepacked | 8g", "price": "$4.00", "price_calculation": "$5.00 per 10g", "category": "Fruit & Vegetables"},
{"title": "Coles I'm Free From Blueberry Muffins | 2 pack", "price": "$3.70", "price_calculation": "$1.85 per 1ea", "category": "Bakery"},
{"title": "Birds Eye Southern Blue Whiting Fillets | 1kg", "price": "$16.50", "price_calculation": "$16.50 per 1kg", "category": "Frozen"},
{"title": "Emma And Toms Kick Starter Juice | 1L", "price": "$5.90", "price_calculation": "$5.90 per 1L", "category": "Drinks"},
{"title": "MEB Pita Family White 5 pack | 225g", "price": "$2.30", "price_calculation": "$1.02 per 100g", "category": "Bakery"},
{"title": "Coles Kitchen Sour Cream Sweet Chilli Salad Kit | 350g", "price": "$4.50", "price_calculation": "$12.86 per 1kg", "category": "Fruit & Vegetables"},
{"title": "Coles Natures Kitchen Vegan Chocolate Chip Cookie 4 pack | 140g", "price": "$4.30", "price_calculation": "$3.07 per 100g", "category": "Bakery"},
{"title": "Coles Frozen Potato Chips Straight Cut | 1kg", "price": "$3.70", "price_calculation": "$3.70 per 1kg", "category": "Frozen"},
{"title": "Queen Victoria  Earl Grey Tea Bags | 50 pack", "price": "$6.00", "price_calculation": "$0.12 per 1ea", "category": "Drinks"},
{"title": "Coles Happy Birthday Acrylic Plaque Gold & Silver Small | 1 each", "price": "$2.70", "price_calculation": "$2.70 per 1ea", "category": "Bakery"},
{"title": "Gourmet Garden Ginger Cold Blended Paste | 115g", "price": "$5.00", "price_calculation": "$0.43 per 10g", "category": "Fruit & Vegetables"},
{"title": "Helga's Soy Linseed Bread | 850g", "price": "$4.90", "price_calculation": "$0.58 per 100g", "category": "Bakery"},
{"title": "Coles Frozen Potato Chips French Fries | 1kg", "price": "$3.70", "price_calculation": "$3.70 per 1kg", "category": "Frozen"},
{"title": "Bundaberg Craft Brewed Drink Traditional Lemonade 4x375mL | 4 pack", "price": "$6.45", "price_calculation": "$4.30 per 1L", "category": "Drinks"},
{"title": "Simson's Pantry Traditional Naan Bread | 250g", "price": "$3.50", "price_calculation": "$1.40 per 100g", "category": "Bakery"},
{"title": "Coles Kitchen Classic Pasta Salad | 400g", "price": "$5.00", "price_calculation": "$12.50 per 1kg", "category": "Fruit & Vegetables"},
{"title": "Coles Dreams Crumb True Birthday Cake Cookies | 4 pack", "price": "$5.00", "price_calculation": "$1.25 per 1ea", "category": "Bakery"},
{"title": "Coles Frozen Fruit Mixed Berries | 500g", "price": "$6.20", "price_calculation": "$12.40 per 1kg", "category": "Frozen"},
{"title": "Nexba Kombucha Rose Lemonade Live Sparkling Probiotic Multipack Bottles 330mL | 4 pack", "price": "$6.90", "price_calculation": "$5.23 per 1L", "category": "Drinks"},
{"title": "Breadtop Matcha Custard Bun | 1 each", "price": "$3.50", "price_calculation": "$3.50 per 1ea", "category": "Bakery"},
{"title": "Coles Organic Baby Broccoli | 1 each", "price": "$5.00", "price_calculation": "$5.00 per 1ea", "category": "Fruit & Vegetables"},
{"title": "Coles I'M Free From Turkish Bread | 200g", "price": "$5.10", "price_calculation": "$2.55 per 100g", "category": "Bakery"},
{"title": "Pampas Frozen Puff Pastry Sheets 6 pieces | 1kg", "price": "$5.20", "price_calculation": "$0.52 per 100g", "category": "Frozen"},
{"title": "Remedy Kombucha Raspberry | 1.25L", "price": "$6.95", "price_calculation": "$5.56 per 1L", "category": "Drinks"},
{"title": "Cremorne Street Bakers Cake Carrot Orange & Walnut | 1 each", "price": "$5.00", "price_calculation": "$5.00 per 1ea", "category": "Bakery"},
{"title": "Coles Kitchen Roasting Vegetables With Garlic And Rosemary | 500g", "price": "$5.50", "price_calculation": "$11.00 per 1kg", "category": "Fruit & Vegetables"},
{"title": "Tip Top Gourmet Bun | 4 pack", "price": "$5.50", "price_calculation": "$1.38 per 1ea", "category": "Bakery"},
{"title": "Coles Frozen Potato Royals Oven Fry | 1kg", "price": "$4.90", "price_calculation": "$4.90 per 1kg", "category": "Frozen"},
{"title": "Twinings Pure Green Tea Bags 50 pack | 100g", "price": "$7.00", "price_calculation": "$0.14 per 1ea", "category": "Drinks"},
{"title": "Coles Gluten Free Bagels 4 Pack | 240g", "price": "$5.20", "price_calculation": "$2.17 per 100g", "category": "Bakery"},
{"title": "Coles Organic Cauliflower | 1 each", "price": "$8.00", "price_calculation": "$8.00 per 1ea", "category": "Fruit & Vegetables"},
{"title": "The Little Bakery Co. Milk Burger Bun 4pk | 300g", "price": "$5.50", "price_calculation": "$1.83 per 100g", "category": "Bakery"},
{"title": "Coles Frozen Carrots Corn & Peas | 1kg", "price": "$4.50", "price_calculation": "$4.50 per 1kg", "category": "Frozen"},
{"title": "Twinings Earl Grey Tea Bags 50 pack | 100g", "price": "$7.00", "price_calculation": "$0.14 per 1ea", "category": "Drinks"},
{"title": "Mission Low Carb Wraps 6 pack | 288g", "price": "$5.50", "price_calculation": "$1.91 per 100g", "category": "Bakery"},
{"title": "Coles Custard Apple Loose | approx 420g", "price": "$4.41", "price_calculation": "$10.50 per 1kg", "category": "Fruit & Vegetables"},
{"title": "Coles Caramel Mud Cake | 600g", "price": "$6.40", "price_calculation": "$1.07 per 100g", "category": "Bakery"},
{"title": "Coles Frozen Australian Peas | 1kg", "price": "$3.80", "price_calculation": "$3.80 per 1kg", "category": "Frozen"},
{"title": "Madura Premium Blend Tea Bags 100 pack | 200g", "price": "$7.20", "price_calculation": "$0.07 per 1ea", "category": "Drinks"},
{"title": "Mr Donut Assorted Donuts | 4 pack", "price": "$5.50", "price_calculation": "$1.38 per 1ea", "category": "Bakery"},
{"title": "Coles Vegetable Chips | approx 100g", "price": "$4.50", "price_calculation": "$45.00 per 1kg", "category": "Fruit & Vegetables"},
{"title": "Alpine Bread Rye Sour | 640g", "price": "$6.80", "price_calculation": "$1.06 per 100g", "category": "Bakery"},
{"title": "I&J Raw Prawns Tail Off | 500g", "price": "$24.00", "price_calculation": "$48.00 per 1kg", "category": "Frozen"},
{"title": "Pepsi Soft Drink Max Vanilla 375mL | 10 pack", "price": "$7.50", "price_calculation": "$2.00 per 1L", "category": "Drinks"},
{"title": "Genius Gluten Free Farmhouse Soft Brown Bread Loaf | 535g", "price": "$6.90", "price_calculation": "$1.29 per 100g", "category": "Bakery"},
{"title": "Coles Kitchen Classic Potato Salad | 400g", "price": "$5.00", "price_calculation": "$12.50 per 1kg", "category": "Fruit & Vegetables"},
{"title": "Abbott's Bakery Gluten Free Rustic White Bread | 500g", "price": "$7.00", "price_calculation": "$1.40 per 100g", "category": "Bakery"},
{"title": "Coles Frozen Potato Chips Crinkle Cut | 1kg", "price": "$3.70", "price_calculation": "$3.70 per 1kg", "category": "Frozen"},
{"title": "Carlton Zero Can 375mL | 4 Pack", "price": "$7.50", "price_calculation": "$5.00 per 1L", "category": "Drinks"},
{"title": "Bennett St Dairy Original Chocolate Cookie Dough | 500g", "price": "$12.00", "price_calculation": "$2.40 per 100g", "category": "Bakery"},
{"title": "Coles Organic Medjool Dates | 227g", "price": "$6.50", "price_calculation": "$28.63 per 1kg", "category": "Fruit & Vegetables"},
{"title": "Noshu 95% Sugar Free Banana Bread Slices | 240g", "price": "$7.00", "price_calculation": "$2.92 per 100g", "category": "Bakery"},
{"title": "Natures Nutrients Frozen Chopped Spinach | 250g", "price": "$1.00", "price_calculation": "$4.00 per 1kg", "category": "Frozen"},
{"title": "DC Coffee Beans Darkness | 250g", "price": "$10.00", "price_calculation": "$4.00 per 100g", "category": "Drinks"},
{"title": "The Little Bakery Co. Vegan Chocolate Macaroons 6 Pack | 190g", "price": "$4.00", "price_calculation": "$2.11 per 100g", "category": "Bakery"},
{"title": "Coles Kitchen Salad Bowl Hawaiian Style | 190g", "price": "$6.50", "price_calculation": "$34.21 per 1kg", "category": "Fruit & Vegetables"},
{"title": "Herman Brot Complete Protein Bread | 500g", "price": "$7.10", "price_calculation": "$1.42 per 100g", "category": "Bakery"},
{"title": "Coles Frozen Fruit Blueberries | 500g", "price": "$6.20", "price_calculation": "$12.40 per 1kg", "category": "Frozen"},
{"title": "Lavazza Espresso Barista Intenso Coffee Beans | 500g", "price": "$10.50", "price_calculation": "$2.10 per 100g", "category": "Drinks"},
{"title": "Simson's Pantry Garlic & Herb Mini Naans 5 pack | 225g", "price": "$4.00", "price_calculation": "$1.78 per 100g", "category": "Bakery"},
{"title": "Coles Superfood Mix | 400g", "price": "$8.00", "price_calculation": "$20.00 per 1kg", "category": "Fruit & Vegetables"},
{"title": "Simson's Pantry High Protein Pizza Base 2pack | 500g", "price": "$7.30", "price_calculation": "$1.46 per 100g", "category": "Bakery"},
{"title": "Coles Frozen Peas | 1kg", "price": "$2.70", "price_calculation": "$2.70 per 1kg", "category": "Frozen"},
{"title": "Edenvale Non Alcoholic Sparkling Cuvee | 750mL", "price": "$10.50", "price_calculation": "$14.00 per 1L", "category": "Drinks"},
{"title": "Jon-Jon Ginger Kisses Cream Filled Sponge Cake 8 pack | 200g", "price": "$4.90", "price_calculation": "$2.45 per 100g", "category": "Bakery"},
{"title": "Coles Trail Mix | approx 100g", "price": "$2.00", "price_calculation": "$20.00 per 1kg", "category": "Fruit & Vegetables"},
{"title": "Simson's Pantry Premium Stone Baked Garlic And Herb Pizza 2 Pack | 500g", "price": "$7.30", "price_calculation": "$1.46 per 100g", "category": "Bakery"},
{"title": "Coles Frozen Broccoli Florets | 500g", "price": "$3.80", "price_calculation": "$7.60 per 1kg", "category": "Frozen"},
{"title": "Staminade Lemon Lime Fusion Powder | 585g", "price": "$10.80", "price_calculation": "$1.85 per 100g", "category": "Drinks"},
{"title": "Balconi Trancetto Cacao Cakes 10 pack | 280g", "price": "$5.45", "price_calculation": "$1.95 per 100g", "category": "Bakery"},
{"title": "Coles Jersey Caramels | approx 100g", "price": "$2.50", "price_calculation": "$25.00 per 1kg", "category": "Fruit & Vegetables"},
{"title": "Coles Finest Mini Tart Selection | 6 pack", "price": "$15.00", "price_calculation": "$2.50 per 1ea", "category": "Bakery"},
{"title": "Coles Frozen Cut Beans | 1kg", "price": "$3.70", "price_calculation": "$3.70 per 1kg", "category": "Frozen"},
{"title": "Nescafe Mocha Coffee Sachets | 26 Pack", "price": "$11.00", "price_calculation": "$0.42 per 1ea", "category": "Drinks"},
{"title": "Coles 70% Lower Carb Wraps White 5 Pack | 210g", "price": "$5.50", "price_calculation": "$2.62 per 100g", "category": "Bakery"},
{"title": "Coles Blackcurrant And Chia Bites | approx 100g", "price": "$3.00", "price_calculation": "$30.00 per 1kg", "category": "Fruit & Vegetables"},
{"title": "Coles Rainbow Cake | 970g", "price": "$19.50", "price_calculation": "$2.01 per 100g", "category": "Bakery"},
{"title": "Coles Frozen Corn Kernels | 1kg", "price": "$4.50", "price_calculation": "$4.50 per 1kg", "category": "Frozen"},
{"title": "Grinders Medium Roasted Crema Ground Coffee | 200g", "price": "$11.00", "price_calculation": "$5.50 per 100g", "category": "Drinks"},
{"title": "Simson's Pantry Better For You Low Carb Keto Mini's 6 Pack | 156g", "price": "$5.50", "price_calculation": "$3.53 per 100g", "category": "Bakery"},
{"title": "Coles Passionfruit And Chia Bites | approx 100g", "price": "$3.00", "price_calculation": "$30.00 per 1kg", "category": "Fruit & Vegetables"},
{"title": "Coles Silver Party Candles | 16 pack", "price": "$3.00", "price_calculation": "$0.19 per 1ea", "category": "Bakery"},
{"title": "Coles Beer Battered Steakhouse Chips | 750g", "price": "$4.20", "price_calculation": "$5.60 per 1kg", "category": "Frozen"},
{"title": "Moccona Ristretto Freeze Dried Coffee Intensity 12 | 200g", "price": "$13.50", "price_calculation": "$6.75 per 100g", "category": "Drinks"},
{"title": "Coles Mixed Berry & Coconut Loaf | 500g", "price": "$5.60", "price_calculation": "$1.12 per 100g", "category": "Bakery"},
{"title": "Coles Coconut & Maple Flavoured Almonds | approx 100g", "price": "$3.50", "price_calculation": "$35.00 per 1kg", "category": "Fruit & Vegetables"},
{"title": "Coles Party Candles Spot | 16 pack", "price": "$3.00", "price_calculation": "$0.19 per 1ea", "category": "Bakery"},
{"title": "Coles Frozen Baby Peas | 500g", "price": "$3.00", "price_calculation": "$6.00 per 1kg", "category": "Frozen"},
{"title": "Caffe Aurora Italian Blend Ground Coffee | 1kg", "price": "$19.00", "price_calculation": "$1.90 per 100g", "category": "Drinks"},
{"title": "Noshu 96% Sugar Free Angel Cake Slices | 170g", "price": "$7.00", "price_calculation": "$4.12 per 100g", "category": "Bakery"},
{"title": "Coles Pottle Roasted Salted Macadamias | approx 100g", "price": "$5.70", "price_calculation": "$57.00 per 1kg", "category": "Fruit & Vegetables"},
{"title": "Multigrain Vienna | 1 each", "price": "$3.00", "price_calculation": "$3.00 per 1ea", "category": "Bakery"},
{"title": "Coles Frozen Australian Potato Chunky Wedges | 750g", "price": "$4.20", "price_calculation": "$5.60 per 1kg", "category": "Frozen"},
{"title": "L'Or Espresso Onyx Capsules 208g | 40 pack", "price": "$22.00", "price_calculation": "$0.55 per 1ea", "category": "Drinks"},
{"title": "Herman Brot Low Carb Bread | 600g", "price": "$7.10", "price_calculation": "$1.18 per 100g", "category": "Bakery"},
{"title": "Coles Kitchen Veggie Pasta Salad | 220g", "price": "$3.50", "price_calculation": "$15.91 per 1kg", "category": "Fruit & Vegetables"},
{"title": "Coles Bakery White Loaf | 800g", "price": "$3.50", "price_calculation": "$0.44 per 100g", "category": "Bakery"},
{"title": "Coles Frozen Fruit Raspberries | 500g", "price": "$7.00", "price_calculation": "$14.00 per 1kg", "category": "Frozen"},
{"title": "Lavazza Espresso Barista Perfetto Beans | 1kg", "price": "$40.00", "price_calculation": "$4.00 per 100g", "category": "Drinks"},
{"title": "Cadbury Mixed Cupcakes 6pack | 270g", "price": "$9.60", "price_calculation": "$3.56 per 100g", "category": "Bakery"},
{"title": "Coles Habanero Chillies | 40g", "price": "$3.80", "price_calculation": "$95.00 per 1kg", "category": "Fruit & Vegetables"},
{"title": "Coles Bake At Home White Dinner Rolls | 135g", "price": "$3.60", "price_calculation": "$2.67 per 100g", "category": "Bakery"},
{"title": "I&J Raw Prawns Tail On | 500g", "price": "$24.00", "price_calculation": "$48.00 per 1kg", "category": "Frozen"},
{"title": "Coles Cup Tea Bags 100 Pack | 185g", "price": "$1.90", "price_calculation": "$0.02 per 1ea", "category": "Drinks"},
{"title": "Coles Apple Pie | 550g", "price": "$9.75", "price_calculation": "$1.77 per 100g", "category": "Bakery"},
{"title": "Coles Chef Blend Premium Baby Leaf | 150g", "price": "$4.00", "price_calculation": "$26.67 per 1kg", "category": "Fruit & Vegetables"},
{"title": "Coles Natures Kitchen Vegan Chocolate Cupcake 2 Pack | 130g", "price": "$4.00", "price_calculation": "$3.08 per 100g", "category": "Bakery"},
{"title": "Birds Eye Golden Crunch Potato Gems | 900g", "price": "$6.50", "price_calculation": "$7.22 per 1kg", "category": "Frozen"},
{"title": "Mildura Sparkling Orange Passion Can | 330mL", "price": "$2.00", "price_calculation": "$6.06 per 1L", "category": "Drinks"},
{"title": "Coles Gluten Free Brioche Style Rolls 2 Pack | 140g", "price": "$3.50", "price_calculation": "$2.50 per 100g", "category": "Bakery"},
{"title": "Coles Coconut Whole | 1 each", "price": "$4.90", "price_calculation": "$4.90 per 1ea", "category": "Fruit & Vegetables"},
{"title": "Mission Soft & Fluffy Wrap 12 pack | 450g", "price": "$5.00", "price_calculation": "$1.11 per 100g", "category": "Bakery"},
{"title": "Coles Snap Frozen Vegetable Mix | 1kg", "price": "$4.50", "price_calculation": "$4.50 per 1kg", "category": "Frozen"},
{"title": "Viva Fruit Cup Cordial | 1L", "price": "$2.20", "price_calculation": "$2.20 per 1L", "category": "Drinks"},
{"title": "Coles IM Free From English Muffins | 140g", "price": "$3.50", "price_calculation": "$2.50 per 100g", "category": "Bakery"},
{"title": "Coles Organic Kale With Vegetables | 200g", "price": "$5.50", "price_calculation": "$27.50 per 1kg", "category": "Fruit & Vegetables"},
{"title": "Simson's Pantry Preservative Free Salt Reduced White Large Wraps 8 Pack | 528g", "price": "$5.00", "price_calculation": "$0.95 per 100g", "category": "Bakery"},
{"title": "Coles Frozen Fruit Sliced Strawberries | 500g", "price": "$6.20", "price_calculation": "$12.40 per 1kg", "category": "Frozen"},
{"title": "Mr D's Raspberry Fruit Drink Chilled | 500mL", "price": "$2.30", "price_calculation": "$4.60 per 1L", "category": "Drinks"},
{"title": "Coles Gluten Free Five Seed Rolls 2 pack | 140g", "price": "$3.60", "price_calculation": "$2.57 per 100g", "category": "Bakery"},
{"title": "Coles Organic Chopped Kale | 140g", "price": "$5.50", "price_calculation": "$39.29 per 1kg", "category": "Fruit & Vegetables"},
{"title": "Simson's Pantry Preservative Free Mixed Wholegrain Large Wraps 8 Pack | 528g", "price": "$5.00", "price_calculation": "$0.95 per 100g", "category": "Bakery"},
{"title": "Hersheys Milk Chocolate Ice Cream | 1L", "price": "$9.00", "price_calculation": "$0.90 per 100mL", "category": "Frozen"},
{"title": "Sunraysia Prune Juice Bottle | 250mL", "price": "$2.40", "price_calculation": "$9.60 per 1L", "category": "Drinks"},
{"title": "Mission Mini Sliders 5 pack | 240g", "price": "$3.60", "price_calculation": "$1.50 per 100g", "category": "Bakery"},
{"title": "Coles Mini Savoy Cabbage | 1 each", "price": "$6.50", "price_calculation": "$6.50 per 1ea", "category": "Fruit & Vegetables"},
{"title": "Coles Low Carb High Protein Pizza Base 2 pack | 200g", "price": "$5.40", "price_calculation": "$2.70 per 100g", "category": "Bakery"},
{"title": "I&J Raw Prawns Extra Large Tail On | 500g", "price": "$27.00", "price_calculation": "$54.00 per 1kg", "category": "Frozen"},
{"title": "Monster Ultra Rosa Can | 500mL", "price": "$2.55", "price_calculation": "$5.10 per 1L", "category": "Drinks"},
{"title": "Mr Donut Chocolate Jam Ball Donuts | 2 pack", "price": "$3.70", "price_calculation": "$1.85 per 1ea", "category": "Bakery"},
{"title": "Coles Rhubarb Bunch | 1 each", "price": "$6.50", "price_calculation": "$6.50 per 1ea", "category": "Fruit & Vegetables"},
{"title": "Coles IM Free From White Wraps | 200g", "price": "$5.50", "price_calculation": "$2.75 per 100g", "category": "Bakery"},
{"title": "Nanna's Frozen Golden & Crispy Snack Apple Pies | 450g", "price": "$4.00", "price_calculation": "$0.89 per 100g", "category": "Frozen"},
{"title": "Coles Lime Cordial | 750mL", "price": "$3.00", "price_calculation": "$4.00 per 1L", "category": "Drinks"},
{"title": "Coles Organic Sweet Potatoes Prepacked | 500g", "price": "$6.90", "price_calculation": "$13.80 per 1kg", "category": "Fruit & Vegetables"},
{"title": "Coles Dream Crumb True Lemon Meringue Cupcake 2 Pack | 280g", "price": "$5.50", "price_calculation": "$1.96 per 100g", "category": "Bakery"},
{"title": "Birds Eye Frozen Fish Fillets With Original  Crumb Oven Bake 6 pack | 425g", "price": "$5.25", "price_calculation": "$12.35 per 1kg", "category": "Frozen"},
{"title": "Dilmah Wild Island Coriander With Cinnamon Ginger & Black Pepper Digest Blend | 20 pack", "price": "$3.25", "price_calculation": "$0.16 per 1ea", "category": "Drinks"},
{"title": "Coles Organic Cabbage Whole | 1 each", "price": "$7.00", "price_calculation": "$7.00 per 1ea", "category": "Fruit & Vegetables"},
{"title": "Coles Dreams Crumb True Chocolate & Caramel Cupcakes 2 Pack | 310g", "price": "$5.50", "price_calculation": "$1.77 per 100g", "category": "Bakery"},
{"title": "Peters Drumstick Minis Vanilla Ice Cream 6 pack | 490mL", "price": "$9.50", "price_calculation": "$1.94 per 100mL", "category": "Frozen"},
{"title": "Dilmah Wild Island Cinnamon With Ginger Liqorice Cardamom & Clove Vitality Blend | 20 pack", "price": "$3.25", "price_calculation": "$0.16 per 1ea", "category": "Drinks"},
{"title": "Coles Summer Delight | approx 100g", "price": "$2.20", "price_calculation": "$22.00 per 1kg", "category": "Fruit & Vegetables"},
{"title": "Coles Raspberry And White Chocolate Muffins 2 Pack | 220g", "price": "$5.85", "price_calculation": "$2.66 per 100g", "category": "Bakery"},
{"title": "Coles Frozen Chicken Breast Nuggets  | 400g", "price": "$4.40", "price_calculation": "$11.00 per 1kg", "category": "Frozen"},
{"title": "Shine+ Ginger Lemon Shot Smart Drink | 100mL", "price": "$3.50", "price_calculation": "$35.00 per 1L", "category": "Drinks"},
{"title": "Coles Nougat Supreme | approx 100g", "price": "$2.50", "price_calculation": "$25.00 per 1kg", "category": "Fruit & Vegetables"},
{"title": "Coles Bakery Iced Cupcakes | 6 pack", "price": "$6.00", "price_calculation": "$1.00 per 1ea", "category": "Bakery"},
{"title": "Marathon Frozen Dim Sims | 1.5kg", "price": "$9.50", "price_calculation": "$0.63 per 100g", "category": "Frozen"},
{"title": "Golden Circle 50% Less Sugar Apple Juice | 2L", "price": "$3.50", "price_calculation": "$1.75 per 1L", "category": "Drinks"},
{"title": "Coles Cranberry Trio | approx 100g", "price": "$2.80", "price_calculation": "$28.00 per 1kg", "category": "Fruit & Vegetables"},
{"title": "Coles Gluten Free Pizza Bases 2 pack | 300g", "price": "$6.40", "price_calculation": "$2.13 per 100g", "category": "Bakery"},
{"title": "Coles Frozen Peas | 500g", "price": "$2.50", "price_calculation": "$5.00 per 1kg", "category": "Frozen"},
{"title": "Oatly Chocolate Oat Milk | 1L", "price": "$3.50", "price_calculation": "$3.50 per 1L", "category": "Drinks"},
{"title": "Coles Habanero Chillies | approx 24g", "price": "$0.72", "price_calculation": "$30.00 per 1kg", "category": "Fruit & Vegetables"},
{"title": "La Fournee Doree Split Top Brioche Hot Dog Rolls 6 Pack | 300g", "price": "$6.60", "price_calculation": "$2.20 per 100g", "category": "Bakery"},
{"title": "Coles Frozen Onions Chopped | 500g", "price": "$2.70", "price_calculation": "$5.40 per 1kg", "category": "Frozen"},
{"title": "The Juice Brothers Morning Start | 500mL", "price": "$3.50", "price_calculation": "$7.00 per 1L", "category": "Drinks"},
{"title": "Scoop & Weigh Tropical Fruit Mix | approx 100g", "price": "$3.00", "price_calculation": "$30.00 per 1kg", "category": "Fruit & Vegetables"},
{"title": "Coles Celebration Layer Cake | 970g", "price": "$25.00", "price_calculation": "$2.58 per 100g", "category": "Bakery"},
{"title": "Creative Gourmet Frozen Blueberries | 300g", "price": "$5.65", "price_calculation": "$18.83 per 1kg", "category": "Frozen"},
{"title": "Schweppes Lemonade Soda Syrup | 300mL", "price": "$3.60", "price_calculation": "$12.00 per 1L", "category": "Drinks"},
{"title": "Breadtop Signature Burger Bun | 2 Pack", "price": "$2.65", "price_calculation": "$1.33 per 1ea", "category": "Bakery"},
{"title": "Coles Vegetable Spring Rolls 16 Pack | 270g", "price": "$1.85", "price_calculation": "$0.69 per 100g", "category": "Frozen"},
{"title": "Schweppes Lemon Soda Syrup | 300mL", "price": "$3.60", "price_calculation": "$12.00 per 1L", "category": "Drinks"},
{"title": "Steggles Frozen Tempura Chicken Breast Nuggets | 400g", "price": "$4.95", "price_calculation": "$12.38 per 1kg", "category": "Frozen"},
{"title": "Golden Circle Cordial Raspberry Cordial | 2L", "price": "$3.90", "price_calculation": "$1.95 per 1L", "category": "Drinks"},
{"title": "Peters Drumstick Vanilla Ice Cream 4 pack | 475mL", "price": "$9.50", "price_calculation": "$2.00 per 100mL", "category": "Frozen"},
{"title": "Golden Circle Cordial Golden Pash Cordial | 2L", "price": "$3.90", "price_calculation": "$1.95 per 1L", "category": "Drinks"},
{"title": "Zafarelli Penne Rigati Pasta No 18 | 500g", "price": "$1.85", "price_calculation": "$0.37 per 100g", "category": "Pantry"},
{"title": "Birds Eye Frozen Fish Fillets With Original Lightly Battered Oven Bake 6 Pack | 425g", "price": "$5.25", "price_calculation": "$12.35 per 1kg", "category": "Frozen"},
{"title": "Lo Bros Organic Kombucha Passionfruit Drink Chilled | 330mL", "price": "$4.00", "price_calculation": "$12.12 per 1L", "category": "Drinks"},
{"title": "Loacker Quadratini Wafers Biscuits Double Choc | 125g", "price": "$1.90", "price_calculation": "$1.52 per 100g", "category": "Pantry"},
{"title": "Coles Frozen Sweet Potato Chips | 750g", "price": "$6.00", "price_calculation": "$8.00 per 1kg", "category": "Frozen"},
{"title": "Campbell's Country Ladle Soup Can Butternut Pumpkin | 505g", "price": "$2.25", "price_calculation": "$0.45 per 100g", "category": "Pantry"},
{"title": "Hershey's Chocolate Caramel | 1L", "price": "$9.00", "price_calculation": "$0.90 per 100mL", "category": "Frozen"},
{"title": "Pringles Cheese Potato Chips | 134g", "price": "$2.50", "price_calculation": "$1.87 per 100g", "category": "Pantry"},
{"title": "Birds Eye Deli Sea Salt & Rosemary Seasoned Chips | 600g", "price": "$6.00", "price_calculation": "$10.00 per 1kg", "category": "Frozen"},
{"title": "Doritos Corn Chips Nacho Cheese Share Pack | 170g", "price": "$3.35", "price_calculation": "$1.97 per 100g", "category": "Pantry"},
{"title": "Four'N Twenty Frozen Meat Pies 4 Pack | 700g", "price": "$8.50", "price_calculation": "$1.21 per 100g", "category": "Frozen"},
{"title": "Cadbury Old Gold Roast Almond Dark Chocolate Block | 180g", "price": "$3.85", "price_calculation": "$2.14 per 100g", "category": "Pantry"},
{"title": "Coles Vegetable Cocktail Spring Rolls 60 Pack | 1kg", "price": "$6.60", "price_calculation": "$0.66 per 100g", "category": "Frozen"},
{"title": "Indo Mie Mi Goreng Hot & Spicy Instant 5 Pack | 425g", "price": "$3.95", "price_calculation": "$0.93 per 100g", "category": "Pantry"},
{"title": "Ben & Jerry's Chocolate Chip Cookie Dough Ice Cream Tub | 458mL", "price": "$7.25", "price_calculation": "$1.58 per 100mL", "category": "Frozen"},
{"title": "Leggo's Pizza Sauce Squeezy Tomato Paste | 400g", "price": "$4.00", "price_calculation": "$1.00 per 100g", "category": "Pantry"},
{"title": "Nestle KitKat Milkybar White Chocolate Fun Pack | 154g", "price": "$5.50", "price_calculation": "$3.57 per 100g", "category": "Pantry"},
{"title": "Coles Canola Oil | 2L", "price": "$7.40", "price_calculation": "$0.37 per 100mL", "category": "Pantry"},
{"title": "Cadbury Dairy Milk Chocolate Roll Pack | 55g", "price": "$1.00", "price_calculation": "$1.82 per 100g", "category": "Pantry"},
{"title": "Coles Microwave Rice Basmati | 250g", "price": "$1.75", "price_calculation": "$0.70 per 100g", "category": "Pantry"},
{"title": "Arnott's Nice Plain Biscuits | 250g", "price": "$2.00", "price_calculation": "$0.80 per 100g", "category": "Pantry"},
{"title": "Old El Paso Spice Mix For Tacos Mild | 30g", "price": "$3.00", "price_calculation": "$10.00 per 100g", "category": "Pantry"},
{"title": "Doritos Corn Chips Fire & Fury Pizza | 150g", "price": "$3.35", "price_calculation": "$2.23 per 100g", "category": "Pantry"},
{"title": "Uncle Tobys Chewy Bars Choc Chip | 185g", "price": "$3.50", "price_calculation": "$1.89 per 100g", "category": "Pantry"},
{"title": "Arnott's Family Pack Tim Tam Biscuits | 365g", "price": "$5.50", "price_calculation": "$1.51 per 100g", "category": "Pantry"},
{"title": "Lifesavers Stix Sherbert Fizz Raspberry | 220g", "price": "$2.00", "price_calculation": "$0.91 per 100g", "category": "Pantry"},
{"title": "MasterFoods Finely Crushed Garlic | 170g", "price": "$2.50", "price_calculation": "$0.15 per 10g", "category": "Pantry"},
{"title": "Coles Extra Virgin Olive Oil Spray | 150g", "price": "$2.55", "price_calculation": "$1.70 per 100g", "category": "Pantry"},
{"title": "Arnott's Salada Wholemeal Crispbread | 250g", "price": "$3.00", "price_calculation": "$1.20 per 100g", "category": "Pantry"},
{"title": "Coles Pitted Dates | 500g", "price": "$1.85", "price_calculation": "$3.70 per 1kg", "category": "Pantry"},
{"title": "Nestle KitKat Chunky Packed With Milo Milk Chocolate Bar | 45g", "price": "$2.20", "price_calculation": "$4.89 per 100g", "category": "Pantry"},
{"title": "Maltesers Gold Choc Snack & Share Bag | 130g", "price": "$2.50", "price_calculation": "$1.92 per 100g", "category": "Pantry"},
{"title": "Nestle KitKat Milkybar White Chocolate Block | 160g", "price": "$2.75", "price_calculation": "$1.72 per 100g", "category": "Pantry"},
{"title": "Arnott's Clix Crackers | 250g", "price": "$3.00", "price_calculation": "$1.20 per 100g", "category": "Pantry"},
{"title": "Pic's Really Good Smooth Peanut Butter | 380g", "price": "$7.50", "price_calculation": "$1.97 per 100g", "category": "Pantry"},
{"title": "Coles Chocolate Cream Wafers | 125g", "price": "$0.80", "price_calculation": "$0.64 per 100g", "category": "Pantry"},
{"title": "Coles Minced Garlic | 500g", "price": "$2.30", "price_calculation": "$0.05 per 10g", "category": "Pantry"},
{"title": "Coles Cooking Salt | 2 kg", "price": "$2.70", "price_calculation": "$0.01 per 10g", "category": "Pantry"},
{"title": "Coles Long Grain White Rice | 2kg", "price": "$2.80", "price_calculation": "$0.14 per 100g", "category": "Pantry"},
{"title": "Smith's Sweet Chilli And Sour Cream Thinly Cut Potato Chips | 175g", "price": "$3.00", "price_calculation": "$1.71 per 100g", "category": "Pantry"},
{"title": "Sour Patch Kids Lollies | 190g", "price": "$4.00", "price_calculation": "$2.11 per 100g", "category": "Pantry"},
{"title": "S & B Golden Curry Medium Hot Sauce Mix | 92g", "price": "$4.00", "price_calculation": "$4.35 per 100g", "category": "Pantry"},
{"title": "Soothers Butter-Menthol Medicated Throat Lozenges | 3 pack", "price": "$5.00", "price_calculation": "$5.00 per 1ea", "category": "Pantry"},
{"title": "Red Rock Deli Sea Salt & Bal Vinegar Potato Chips | 165g", "price": "$6.30", "price_calculation": "$3.82 per 100g", "category": "Pantry"},
{"title": "Coles Desiccated Coconut | 500g", "price": "$2.80", "price_calculation": "$5.60 per 1kg", "category": "Pantry"},
{"title": "Coles Aust Peanuts Salted | 375g", "price": "$3.00", "price_calculation": "$8.00 per 1kg", "category": "Pantry"},
{"title": "Smith's Sour Cream And Onion Thinly Cut Potato Chips | 175g", "price": "$3.00", "price_calculation": "$1.71 per 100g", "category": "Pantry"},
{"title": "Cadbury Dairy Milk Freddo Chocolate Sharepack | 144g", "price": "$3.50", "price_calculation": null, "category": "Pantry"},
{"title": "Dairy Farmers Thick Vanilla Custard Carton | 1kg", "price": "$5.00", "price_calculation": "$0.50 per 100g", "category": "Dairy, Eggs & Fridge"},
{"title": "Beijing Chilli Tofu Pieces | 200g", "price": "$5.20", "price_calculation": "$2.60 per 100g", "category": "Dairy, Eggs & Fridge"},
{"title": "Coles Chocolate Dairy Dessert 12 Pack | 1.2kg", "price": "$5.40", "price_calculation": "$0.45 per 100g", "category": "Dairy, Eggs & Fridge"},
{"title": "Coles Chicken & Mayo Caesar Mix | 220g", "price": "$5.50", "price_calculation": "$25.00 per 1kg", "category": "Dairy, Eggs & Fridge"},
{"title": "Nakula Natural Coconut Milk Yoghurt | 500g", "price": "$6.00", "price_calculation": "$1.20 per 100g", "category": "Dairy, Eggs & Fridge"},
{"title": "Coles Greek Feta PDO | 250g", "price": "$6.00", "price_calculation": "$24.00 per 1kg", "category": "Dairy, Eggs & Fridge"},
{"title": "Veef Plant Based Premium Beef Burger | 240g", "price": "$6.00", "price_calculation": "$2.50 per 100g", "category": "Dairy, Eggs & Fridge"},
{"title": "Coles Kitchen Hoisin Pork Springroll | 200g", "price": "$6.50", "price_calculation": "$3.25 per 100g", "category": "Dairy, Eggs & Fridge"},
{"title": "Primo Lunch Plate Mild Salami & Beetroot Relish | 110g", "price": "$6.50", "price_calculation": "$5.91 per 100g", "category": "Dairy, Eggs & Fridge"},
{"title": "Latina Vegetable Harvest Pasta Sauce | 425g", "price": "$6.50", "price_calculation": "$1.53 per 100g", "category": "Dairy, Eggs & Fridge"},
{"title": "Five:AM Organic Honey & Cinnamon Yoghurt | 700g", "price": "$7.00", "price_calculation": "$1.00 per 100g", "category": "Dairy, Eggs & Fridge"},
{"title": "Primo Australian Short Cut Bacon | 200g", "price": "$7.00", "price_calculation": "$35.00 per 1kg", "category": "Dairy, Eggs & Fridge"},
{"title": "Mersey Valley Club Pickled Onion Cheddar Cheese | 235g", "price": "$7.00", "price_calculation": "$29.79 per 1kg", "category": "Dairy, Eggs & Fridge"},
{"title": "Tamar Valley The Creamery Peaches & Cream | 700g", "price": "$7.50", "price_calculation": "$1.07 per 100g", "category": "Dairy, Eggs & Fridge"},
{"title": "The Organic Milk Co Organic Cheddar Block | 400g", "price": "$8.00", "price_calculation": "$20.00 per 1kg", "category": "Dairy, Eggs & Fridge"},
{"title": "Don Pepperoni Salami | 200g", "price": "$8.00", "price_calculation": "$40.00 per 1kg", "category": "Dairy, Eggs & Fridge"},
{"title": "Yarra Valley Cheese Double Brie | 200g", "price": "$8.00", "price_calculation": "$40.00 per 1kg", "category": "Dairy, Eggs & Fridge"},
{"title": "Don Mild Hungarian Salami | 200g", "price": "$8.50", "price_calculation": "$4.25 per 100g", "category": "Dairy, Eggs & Fridge"},
{"title": "Thomson's Deli Sliced Turkey | 320g", "price": "$8.50", "price_calculation": "$26.56 per 1kg", "category": "Dairy, Eggs & Fridge"},
{"title": "Latina Gluten Free Beef Ravioli | 280g", "price": "$8.75", "price_calculation": "$3.13 per 100g", "category": "Dairy, Eggs & Fridge"},
{"title": "25 Degrees South Ravioli Baby Spinach & Fetta  | 325g", "price": "$9.00", "price_calculation": "$2.77 per 100g", "category": "Dairy, Eggs & Fridge"},
{"title": "25 Degrees South Prosciutto & Ricotta Ravioli | 325g", "price": "$9.00", "price_calculation": "$2.77 per 100g", "category": "Dairy, Eggs & Fridge"},
{"title": "Coles Finest Angus Beef Ravioli With Tomato Sugo | 400g", "price": null, "price_calculation": null, "category": "Dairy, Eggs & Fridge"},
{"title": "Dineamic Terriyaki Beef With Rice | 340g", "price": "$9.85", "price_calculation": "$2.90 per 100g", "category": "Dairy, Eggs & Fridge"},
{"title": "Coles Perform Build Naked Chicken Katsu | 410g", "price": "$9.95", "price_calculation": "$2.43 per 100g", "category": "Dairy, Eggs & Fridge"},
{"title": "Coles Australian Full Cream Long Life Milk | 1L", "price": "$1.60", "price_calculation": "$1.60 per 1L", "category": "Drinks"},
{"title": "Coles Perform Lean Vegetable Masala And Rice | 370g", "price": "$9.95", "price_calculation": "$2.69 per 100g", "category": "Dairy, Eggs & Fridge"},
{"title": "Coca-Cola Cola Soft Drink 24x375mL | 24 pack", "price": "$20.00", "price_calculation": "$2.22 per 1L", "category": "Drinks"},
{"title": "Cheer Tasty Light Cheese Block | 500g", "price": "$10.90", "price_calculation": "$21.80 per 1kg", "category": "Dairy, Eggs & Fridge"},
{"title": "Coca-Cola Zero Sugar Soft Drink Multipack Cans 24x375mL | 24 pack", "price": "$20.00", "price_calculation": "$2.22 per 1L", "category": "Drinks"},
{"title": "South Cape Brie | 200g", "price": "$12.25", "price_calculation": "$61.25 per 1kg", "category": "Dairy, Eggs & Fridge"},
{"title": "Mount Franklin Sparkling Water Cans Passionfruit 6X250mL | 6 pack", "price": "$5.80", "price_calculation": "$3.87 per 1L", "category": "Drinks"},
{"title": "Coles Kitchen Quiche Lorraine | 700g", "price": "$13.50", "price_calculation": "$1.93 per 100g", "category": "Dairy, Eggs & Fridge"},
{"title": "Kirks Lemonade Soft Drink 10x375mL | 10 Pack", "price": "$6.95", "price_calculation": "$1.85 per 1L", "category": "Drinks"},
{"title": "Coles Deli Delre Mini Chol | approx 180g", "price": "$6.84", "price_calculation": "$38.00 per 1kg", "category": "Dairy, Eggs & Fridge"},
{"title": "Kirks Drink Pasito Sugar Free 10x375mL | 10 pack", "price": "$6.95", "price_calculation": "$1.85 per 1L", "category": "Drinks"},
{"title": "Snowdonia Black Bomber Mature Cheddar | approx 100g", "price": "$6.90", "price_calculation": "$69.00 per 1kg", "category": "Dairy, Eggs & Fridge"},
{"title": "Kirks Zero Sugar Orange Soft Drink Cans 10x375ml | 10 pack", "price": "$6.95", "price_calculation": "$1.85 per 1L", "category": "Drinks"},
{"title": "King Island Dairy Netherby Camembert Cove | approx 100g", "price": "$7.60", "price_calculation": "$76.00 per 1kg", "category": "Dairy, Eggs & Fridge"},
{"title": "Pepsi Max Soft Drink 375mL | 30 pack", "price": "$23.00", "price_calculation": "$2.04 per 1L", "category": "Drinks"},
{"title": "Aeroplane Ready To Eat Raspberry Jelly | 120g", "price": "$1.40", "price_calculation": "$1.17 per 100g", "category": "Dairy, Eggs & Fridge"},
{"title": "Solo Lemon Soft Drink | 30 pack", "price": "$23.00", "price_calculation": "$2.04 per 1L", "category": "Drinks"},
{"title": "Coles Tasty Cheese Bites And Garlic Chilli Green Olives | 45g", "price": "$2.30", "price_calculation": "$5.11 per 100g", "category": "Dairy, Eggs & Fridge"},
{"title": "Nestle Milo Chocolate Malt Powder Drink Hot Or Cold | 1kg", "price": "$12.00", "price_calculation": "$1.20 per 100g", "category": "Drinks"},
{"title": "Notco Notmilk Original Plant Based Milk | 1L", "price": "$2.40", "price_calculation": "$2.40 per 1L", "category": "Dairy, Eggs & Fridge"},
{"title": "Coles Spring Water 24X600Ml | 24 pack", "price": "$6.40", "price_calculation": "$0.44 per 1L", "category": "Drinks"},
{"title": "Vaalia Probiotic Kefir Yoghurt Vanilla | 150g", "price": "$2.50", "price_calculation": "$1.67 per 100g", "category": "Dairy, Eggs & Fridge"},
{"title": "Coles Soda Water | 1.25L", "price": "$0.90", "price_calculation": "$0.72 per 1L", "category": "Drinks"},
{"title": "Fairy Cooking Margarine | 250g", "price": "$2.60", "price_calculation": "$1.04 per 100g", "category": "Dairy, Eggs & Fridge"},
{"title": "Coles Natural Mineral Water | 1.25L", "price": "$0.90", "price_calculation": "$0.72 per 1L", "category": "Drinks"},
{"title": "Coles Kitchen Singapore Egg Noodles | 300g", "price": "$3.00", "price_calculation": "$1.00 per 100g", "category": "Dairy, Eggs & Fridge"},
{"title": "Coles Natural Spring Water | 1.5L", "price": "$0.80", "price_calculation": "$0.53 per 1L", "category": "Drinks"},
{"title": "Supreme Quality Foods Roti Mini | 125g", "price": "$3.20", "price_calculation": "$2.56 per 100g", "category": "Dairy, Eggs & Fridge"},
{"title": "Coca-Cola Classic Soft Drink Bottle | 2L", "price": "$3.50", "price_calculation": "$1.75 per 1L", "category": "Drinks"},
{"title": "Moondarra Cheese Tropical Frut & Almond | 120g", "price": "$3.30", "price_calculation": "$27.50 per 1kg", "category": "Dairy, Eggs & Fridge"},
{"title": "Devondale Full Cream Long Life Milk | 1L", "price": "$2.20", "price_calculation": "$2.20 per 1L", "category": "Drinks"},
{"title": "Senza Gluten Free Pizza Base | 220g", "price": "$4.00", "price_calculation": "$1.82 per 100g", "category": "Dairy, Eggs & Fridge"},
{"title": "Nudie Pulp Oranges Juice Chilled | 2L", "price": "$6.80", "price_calculation": "$3.40 per 1L", "category": "Drinks"},
{"title": "Red Rock Deli Beetroot And Feta Dips | 150g", "price": "$4.00", "price_calculation": "$2.67 per 100g", "category": "Dairy, Eggs & Fridge"},
{"title": "Pepsi Max Cola Soft Drink Bottle | 1.25L", "price": "$1.70", "price_calculation": "$1.36 per 1L", "category": "Drinks"},
{"title": "Coles Pappardelle | 300g", "price": "$4.20", "price_calculation": "$1.40 per 100g", "category": "Dairy, Eggs & Fridge"},
{"title": "Coles Australian Lite Long Life Milk | 1L", "price": "$1.60", "price_calculation": "$1.60 per 1L", "category": "Drinks"},
{"title": "Fancy Plants Vanilla Rice Pud 2x110g | 220g", "price": "$4.40", "price_calculation": "$2.00 per 100g", "category": "Dairy, Eggs & Fridge"},
{"title": "Nudie Pulp Free Oranges Juice Chilled | 2L", "price": "$6.80", "price_calculation": "$3.40 per 1L", "category": "Drinks"},
{"title": "Yumi's Choice Guacamole With Jalapeno And Spring Onion Dip | 150g", "price": "$4.50", "price_calculation": "$3.00 per 100g", "category": "Dairy, Eggs & Fridge"},
{"title": "Sanitarium So Good Long Life Regular Soy Milk | 1L", "price": "$2.20", "price_calculation": "$2.20 per 1L", "category": "Drinks"},
{"title": "Coles Perform Thai Chicken Noodle Soup | 400g", "price": "$5.00", "price_calculation": "$1.25 per 100g", "category": "Dairy, Eggs & Fridge"},
{"title": "Coca-Cola Classic Soft Drink Bottle | 600mL", "price": "$3.20", "price_calculation": "$5.33 per 1L", "category": "Drinks"},
{"title": "Coles Greek Style Yoghurt | 750g", "price": "$5.50", "price_calculation": "$0.73 per 100g", "category": "Dairy, Eggs & Fridge"},
{"title": "Coles Australian Skim Long Life Milk | 1L", "price": "$1.60", "price_calculation": "$1.60 per 1L", "category": "Drinks"},
{"title": "Coles Natural Spring Water 350mL | 24 pack", "price": "$6.40", "price_calculation": "$0.76 per 1L", "category": "Drinks"},
{"title": "Mount Franklin Spring Water Bottle | 600mL", "price": "$2.10", "price_calculation": "$3.50 per 1L", "category": "Drinks"},
{"title": "Coles Apple Juice | 2L", "price": "$2.80", "price_calculation": "$1.40 per 1L", "category": "Drinks"},
{"title": "Lipton Black Tea Bags | 100 Pack", "price": "$2.90", "price_calculation": "$0.03 per 1ea", "category": "Drinks"},
{"title": "Powerade ION4 Mountain Blast Sports Drink Sipper Cap | 600mL", "price": "$2.30", "price_calculation": "$3.83 per 1L", "category": "Drinks"},
{"title": "Coles Full Cream Milk Powder | 1kg", "price": "$10.00", "price_calculation": "$1.00 per 100g", "category": "Drinks"},
{"title": "Coca-Cola Zero Sugar Soft Drink Bottle | 600mL", "price": "$3.20", "price_calculation": "$5.33 per 1L", "category": "Drinks"},
{"title": "Coca-Cola Zero Sugar Soft Drink Bottle | 2L", "price": "$3.50", "price_calculation": "$1.75 per 1L", "category": "Drinks"},
{"title": "Pepsi Max Soft Drink | 2L", "price": "$3.00", "price_calculation": "$1.50 per 1L", "category": "Drinks"},
{"title": "Raw C Pure Natural Coconut Water | 1L", "price": "$5.50", "price_calculation": "$5.50 per 1L", "category": "Drinks"},
{"title": "Coles Lactose Free UHT Low Fat Milk | 1L", "price": "$2.00", "price_calculation": "$2.00 per 1L", "category": "Drinks"},
{"title": "Coca-Cola Coke Soft Drink | 30 Pack", "price": "$40.65", "price_calculation": "$3.61 per 1L", "category": "Drinks"},
{"title": "Pump Spring Water Bottle | 750mL", "price": "$2.75", "price_calculation": "$3.67 per 1L", "category": "Drinks"},
{"title": "Vitasoy UHT Oat Milk | 1L", "price": "$3.30", "price_calculation": "$3.30 per 1L", "category": "Drinks"},
{"title": "Powerade ION4 Berry Ice Sports Drink Sipper Cap | 600mL", "price": "$2.30", "price_calculation": "$3.83 per 1L", "category": "Drinks"},
{"title": "Bonsoy Soy Milk | 1L", "price": "$4.90", "price_calculation": "$4.90 per 1L", "category": "Drinks"},
{"title": "Coles Lactose Free Long Life Full Cream Milk | 1L", "price": "$2.00", "price_calculation": "$2.00 per 1L", "category": "Drinks"},
{"title": "Pepsi Max Cola | 600mL", "price": "$3.80", "price_calculation": "$6.33 per 1L", "category": "Drinks"},
{"title": "Vitasoy Unsweetened Almond UHT Milk 1L | 1L", "price": "$3.30", "price_calculation": "$3.30 per 1L", "category": "Drinks"},
{"title": "Coles Diet Lemonade Soft Drink | 1.25L", "price": "$0.90", "price_calculation": "$0.72 per 1L", "category": "Drinks"},
{"title": "Coca-Cola Zero Sugar Soft Drink Multipack Cans 30x375mL | 30 Pack", "price": "$40.65", "price_calculation": "$3.61 per 1L", "category": "Drinks"},
{"title": "Coles Drink Soy Regular | 1L", "price": "$1.15", "price_calculation": "$1.15 per 1L", "category": "Drinks"},
{"title": "Coles Water 12x600mL | 12 pack", "price": "$3.20", "price_calculation": "$0.44 per 1L", "category": "Drinks"},
{"title": "Daily Juice Pulp Free No Added Sugar Orange Juice | 2L", "price": "$5.00", "price_calculation": "$2.50 per 1L", "category": "Drinks"},
{"title": "Twinings English Breakfast Tea Bags 100 pack | 200g", "price": "$13.50", "price_calculation": "$0.14 per 1ea", "category": "Drinks"},
{"title": "Original Juice Co. Black Label Pulp Free Chilled Orange Juice | 1.5L", "price": "$6.00", "price_calculation": "$4.00 per 1L", "category": "Drinks"},
{"title": "V Energy Drink Can | 250mL", "price": "$2.35", "price_calculation": "$9.40 per 1L", "category": "Drinks"},
{"title": "Coles Orange Juice | 2L", "price": "$2.80", "price_calculation": "$1.40 per 1L", "category": "Drinks"},
{"title": "Sanitarium So Good Long Life Unsweetened Almond Milk | 1L", "price": "$2.90", "price_calculation": "$2.90 per 1L", "category": "Drinks"},
{"title": "Coles RSPCA Approved Whole Chicken Roast | 1 each", "price": "$12.00", "price_calculation": "$12.00 per 1ea", "category": "Deli"},
{"title": "Primo Manuka Honey Bacon | 175g", "price": "$5.00", "price_calculation": "$28.57 per 1kg", "category": "Deli"},
{"title": "Primo Australian Made Middle Bacon | 200g", "price": "$7.00", "price_calculation": "$35.00 per 1kg", "category": "Deli"},
{"title": "Primo Australian Short Cut Bacon | 200g", "price": "$7.00", "price_calculation": "$35.00 per 1kg", "category": "Deli"},
{"title": "Coles Deli RSPCA Approved Chicken Breast Fillets | approx 300g", "price": "$3.00", "price_calculation": "$10.00 per 1kg", "category": "Deli"},
{"title": "Coles Deli Fresh Tasmanian Salmon Portions Skin On | approx 200g", "price": "$6.60", "price_calculation": "$33.00 per 1kg", "category": "Deli"},
{"title": "Primo Champagne Ham From the Deli | approx 100g", "price": "$2.00", "price_calculation": "$20.00 per 1kg", "category": "Deli"},
{"title": "Coles Deli Thawed Raw Black Tiger Prawns | approx 250g", "price": "$7.25", "price_calculation": "$29.00 per 1kg", "category": "Deli"},
{"title": "Don White Hungarian Salami | approx 100g", "price": "$3.45", "price_calculation": "$34.50 per 1kg", "category": "Deli"},
{"title": "Don Deli Melosi Leg Ham | approx 100g", "price": "$2.50", "price_calculation": "$25.00 per 1kg", "category": "Deli"},
{"title": "Primo Middle Bacon Rind On | approx 100g", "price": "$1.50", "price_calculation": "$15.00 per 1kg", "category": "Deli"},
{"title": "Primo Short Cut Bacon | approx 250g", "price": "$3.75", "price_calculation": "$15.00 per 1kg", "category": "Deli"},
{"title": "Bertocchi Natural Hickory Smoked Leg Ham | approx 100g", "price": "$2.95", "price_calculation": "$29.50 per 1kg", "category": "Deli"},
{"title": "Coles Deli Don Kabana | 1 each", "price": "$4.20", "price_calculation": "$4.20 per 1ea", "category": "Deli"},
{"title": "Don Virginian Leg Ham Sliced | approx 100g", "price": "$2.70", "price_calculation": "$27.00 per 1kg", "category": "Deli"},
{"title": "Coles Deli RSPCA Approved Chicken Thigh Fillets | approx 150g", "price": "$2.02", "price_calculation": "$13.50 per 1kg", "category": "Deli"},
{"title": "Lilydale Chicken Sage & Onion Roast | 1 each", "price": "$13.00", "price_calculation": "$13.00 per 1ea", "category": "Deli"},
{"title": "Coles Deli Thawed Raw Peeled Prawn Meat | approx 250g", "price": "$7.50", "price_calculation": "$30.00 per 1kg", "category": "Deli"},
{"title": "Primo Deli Express Chicken Frankfurt | 750g", "price": "$7.40", "price_calculation": "$9.87 per 1kg", "category": "Deli"},
{"title": "Bertocchi Triple Smoked Leg Ham | approx 100g", "price": "$3.40", "price_calculation": "$34.00 per 1kg", "category": "Deli"},
{"title": "Coles Deli Thawed Arrow Squid Rings | approx 250g", "price": "$1.75", "price_calculation": "$7.00 per 1kg", "category": "Deli"},
{"title": "Coles Rindless Pan Sized Bacon | 200g", "price": "$5.00", "price_calculation": "$25.00 per 1kg", "category": "Deli"},
{"title": "Coles Bacon Shortcut Rindless | 200g", "price": "$5.00", "price_calculation": "$25.00 per 1kg", "category": "Deli"},
{"title": "Coles Thawed Seafood Marinara Mix | approx 250g", "price": "$3.75", "price_calculation": "$15.00 per 1kg", "category": "Deli"},
{"title": "Coles Deli Hot Hungarian Don Salami | approx 100g", "price": "$3.45", "price_calculation": "$34.50 per 1kg", "category": "Deli"},
{"title": "Coles Deli RSPCA Approved Chicken Breast Chunks | approx 250g", "price": "$2.50", "price_calculation": "$10.00 per 1kg", "category": "Deli"},
{"title": "Coles Deli Fresh Tasmanian Salmon Portions Skin Off | approx 250g", "price": "$9.00", "price_calculation": "$36.00 per 1kg", "category": "Deli"},
{"title": "Coles Bacon Streaky | 200g", "price": "$5.00", "price_calculation": "$25.00 per 1kg", "category": "Deli"},
{"title": "Steggles Roasted Turkey Breast From The Deli | approx 100g", "price": "$2.85", "price_calculation": "$28.50 per 1kg", "category": "Deli"},
{"title": "Coles Deli Thawed Basa Fillets | approx 200g", "price": "$1.80", "price_calculation": "$9.00 per 1kg", "category": "Deli"},
{"title": "Don Skinless Thin Frankfurt's | approx 100g", "price": "$1.37", "price_calculation": "$13.70 per 1kg", "category": "Deli"},
{"title": "Coles Deli RSPCA Approved Chicken Drumsticks | approx 160g", "price": "$0.72", "price_calculation": "$4.50 per 1kg", "category": "Deli"},
{"title": "Coles Deli Thawed Australian MSC Raw Banana Prawns | approx 250g", "price": "$5.50", "price_calculation": "$22.00 per 1kg", "category": "Deli"},
{"title": "Coles Deli Thawed Barramundi Fillets | approx 350g", "price": "$5.95", "price_calculation": "$17.00 per 1kg", "category": "Deli"},
{"title": "Thomson'S Deli English Style Ham Quad Pack | 400g", "price": "$5.50", "price_calculation": "$13.75 per 1kg", "category": "Deli"},
{"title": "Thomson's Deli Supreme Chicken Breast | approx 100g", "price": "$2.00", "price_calculation": "$20.00 per 1kg", "category": "Deli"},
{"title": "Thomson's Deli Honey Ham Sliced Quad Pack | 400g", "price": "$5.50", "price_calculation": "$13.75 per 1kg", "category": "Deli"},
{"title": "Coles Silverside | approx 100g", "price": "$2.20", "price_calculation": "$22.00 per 1kg", "category": "Deli"},
{"title": "Coles Deli Fresh West Australian Barramundi Portions Skin On | approx 200g", "price": "$6.50", "price_calculation": "$32.50 per 1kg", "category": "Deli"},
{"title": "Jarlsberg Regular Cheese Sliced/Shaved | approx 100g", "price": "$2.65", "price_calculation": "$26.50 per 1kg", "category": "Deli"},
{"title": "Coles Deli Thawed Cooked Vannamei Prawns | approx 250g", "price": "$4.50", "price_calculation": "$18.00 per 1kg", "category": "Deli"},
{"title": "Coles Deli Thawed Australian Cooked Black Tiger Prawns Large | approx 250g", "price": "$8.00", "price_calculation": "$32.00 per 1kg", "category": "Deli"},
{"title": "Coles English Sliced Ham | 100g", "price": "$2.30", "price_calculation": "$23.00 per 1kg", "category": "Deli"},
{"title": "Primo Spanish Style Chorizos | 1 each", "price": "$3.80", "price_calculation": "$3.80 per 1ea", "category": "Deli"},
{"title": "Primo Short Cut Bacon | 1 kg", "price": "$18.90", "price_calculation": "$18.90 per 1kg", "category": "Deli"},
{"title": "Coles Deli Thawed Raw Whole Gulf Squid | approx 250g", "price": "$5.25", "price_calculation": "$21.00 per 1kg", "category": "Deli"},
{"title": "Don Leg Shaved Ham | 200g", "price": "$3.20", "price_calculation": "$16.00 per 1kg", "category": "Deli"},
{"title": "Primo Red Gum Honey Leg Ham | approx 100g", "price": "$3.00", "price_calculation": "$30.00 per 1kg", "category": "Deli"},
{"title": "Johnnie Walker Red & Cola Can 375mL | 6 Pack", "price": "$30.00", "price_calculation": "$13.33 per 1L", "category": "Liquor"},
{"title": "Bird In Hand Sparkling Pinot Noir 750mL | 1 Each", "price": "$29.00", "price_calculation": "$38.67 per 1L", "category": "Liquor"},
{"title": "Vodka Cruiser Double Lemon Lime Can 375mL | 4 Pack", "price": "$25.00", "price_calculation": "$16.67 per 1L", "category": "Liquor"},
{"title": "Palmolive Naturals Cherry Blossom Body Wash | 90mL", "price": "$2.20", "price_calculation": "$2.44 per 100mL", "category": "Health & Beauty"},
{"title": "Coles Kitchen Australian Diced Butternut Pumpkin | 500g", "price": "$5.00", "price_calculation": "$10.00 per 1kg", "category": "Fruit & Vegetables"},
{"title": "Jose Cuervo Sparkling Margarita 330mL | 4 Pack", "price": "$22.00", "price_calculation": "$16.67 per 1L", "category": "Liquor"},
{"title": "Mum Dry Antiperspirant Cool Pink All Day Roll On Deodorant | 50mL", "price": "$2.40", "price_calculation": "$4.80 per 100mL", "category": "Health & Beauty"},
{"title": "Coles Mix-A-Mato Grape Tomatoes | 300g", "price": "$5.90", "price_calculation": "$19.67 per 1kg", "category": "Fruit & Vegetables"},
{"title": "Jacob's Creek Pinot Noir 750mL | 1 Each", "price": "$10.00", "price_calculation": "$13.33 per 1L", "category": "Liquor"},
{"title": "Dettol Antibacterial Liquid Hand Wash Pump Refresh | 250mL", "price": "$2.80", "price_calculation": "$1.12 per 100mL", "category": "Health & Beauty"},
{"title": "Coles Natural Cashews | approx 100g", "price": "$2.40", "price_calculation": "$24.00 per 1kg", "category": "Fruit & Vegetables"},
{"title": "Sapporo Bottles 355mL | 6 Pack", "price": "$18.00", "price_calculation": "$8.45 per 1L", "category": "Liquor"},
{"title": "Pantene Daily Moisture Renewal Conditioner | 90mL", "price": "$3.00", "price_calculation": "$3.33 per 100mL", "category": "Health & Beauty"},
{"title": "Coles Green Chillies | 50g", "price": "$3.80", "price_calculation": "$76.00 per 1kg", "category": "Fruit & Vegetables"},
{"title": "4 Pines Brewing Pacific Ale Bottle 330mL | 6 Pack", "price": "$16.00", "price_calculation": "$0.81 per 100mL", "category": "Liquor"},
{"title": "Palmolive Luminous Oils Rejuvenating Shower Gel | 400mL", "price": "$3.00", "price_calculation": "$0.75 per 100mL", "category": "Health & Beauty"},
{"title": "Coles Vegetable Starter Pack | 1kg", "price": "$5.00", "price_calculation": "$5.00 per 1kg", "category": "Fruit & Vegetables"},
{"title": "Petaluma White Label Chardonnay 750mL | 1 Each", "price": "$23.00", "price_calculation": "$30.67 per 1L", "category": "Liquor"},
{"title": "Colgate Zig Zag Flex Soft Toothbrush | 1 pack", "price": "$3.00", "price_calculation": "$3.00 per 1ea", "category": "Health & Beauty"},
{"title": "Coles Birdseye Chillies | 40g", "price": "$3.80", "price_calculation": "$95.00 per 1kg", "category": "Fruit & Vegetables"},
{"title": "Louis De Camponac Pinot Noir 750mL | 1 Each", "price": "$10.00", "price_calculation": "$13.33 per 1L", "category": "Liquor"},
{"title": "OC Naturals 2 In 1 Ani-Dandruff Conditioning Shampoo | 400mL", "price": "$3.70", "price_calculation": "$0.93 per 100mL", "category": "Health & Beauty"},
{"title": "Coles Kitchen Vegetables Baby Potatoes Herb Butter | 400g", "price": "$4.50", "price_calculation": "$11.25 per 1kg", "category": "Fruit & Vegetables"},
{"title": "Winton Road Eden Valley Chardonnay 750mL | 1 Each", "price": "$20.00", "price_calculation": "$26.67 per 1L", "category": "Liquor"},
{"title": "Australian Botanical Soap Sandalwood With Cocoa Butter | 200g", "price": "$4.00", "price_calculation": "$2.00 per 100g", "category": "Health & Beauty"},
{"title": "Coles Organic Baby Salad Leaves Lettuce Mix | 100g", "price": "$4.90", "price_calculation": "$49.00 per 1kg", "category": "Fruit & Vegetables"},
{"title": "Jim Beam White & Cola Can 375mL | 24 Pack", "price": "$90.00", "price_calculation": "$10.00 per 1L", "category": "Liquor"},
{"title": "Libra Night Pants Medium | 2 pack", "price": "$4.40", "price_calculation": "$2.20 per 1ea", "category": "Health & Beauty"},
{"title": "Coles Sliced Vitamin D Mushrooms | 300g", "price": "$6.50", "price_calculation": "$21.67 per 1kg", "category": "Fruit & Vegetables"},
{"title": "Jansz Non Vintage Sparkling 750mL | 1 Each", "price": "$35.00", "price_calculation": "$46.67 per 1L", "category": "Liquor"},
{"title": "Advil Tablets 200mg Ibuprofen Pain & Fever Relief | 24 pack", "price": "$4.50", "price_calculation": "$0.19 per 1ea", "category": "Health & Beauty"},
{"title": "Coles Roasted & Salted Peanuts | 800g", "price": "$7.00", "price_calculation": "$8.75 per 1kg", "category": "Fruit & Vegetables"},
{"title": "BentSpoke Crankshaft IPA Can 375mL | 4 Pack", "price": "$20.00", "price_calculation": "$13.33 per 1L", "category": "Liquor"},
{"title": "Vo5 Styling Gel Tub Maximum Hold | 250g", "price": "$4.50", "price_calculation": "$1.80 per 100g", "category": "Health & Beauty"},
{"title": "Coles Mini Red Cabbage | 1 each", "price": "$4.50", "price_calculation": "$4.50 per 1ea", "category": "Fruit & Vegetables"},
{"title": "WHISPERS WHISPERS PINK MOSCATO 750", "price": null, "price_calculation": null, "category": "Liquor"},
{"title": "Macleans Extreme Clean White Toothpaste | 170g", "price": "$5.00", "price_calculation": "$2.94 per 100g", "category": "Health & Beauty"},
{"title": "Coles Kitchen Creme Royale Potato Mash | 350g", "price": "$4.75", "price_calculation": "$13.57 per 1kg", "category": "Fruit & Vegetables"},
{"title": "Botter Prosecco DOC 200mL | 1 Each", "price": "$5.00", "price_calculation": "$25.00 per 1L", "category": "Liquor"},
{"title": "Oral B Sensitivity & Gum Gentle White Toothpaste | 90g", "price": "$5.00", "price_calculation": "$5.56 per 100g", "category": "Health & Beauty"},
{"title": "Coles Royal Blue Potatoes | 2kg", "price": "$7.50", "price_calculation": "$3.75 per 1kg", "category": "Fruit & Vegetables"},
{"title": "Vodka Cruiser Sugar Free Mixed Bottle 275mL | 10 Pack", "price": "$37.00", "price_calculation": "$13.45 per 1L", "category": "Liquor"},
{"title": "Libra Girl Regular Pads | 12 pack", "price": "$5.00", "price_calculation": "$0.42 per 1ea", "category": "Health & Beauty"},
{"title": "Coles Red Chillies | 50g", "price": "$3.80", "price_calculation": "$76.00 per 1kg", "category": "Fruit & Vegetables"},
{"title": "Bundaberg Red & Cola Cans 375mL | 6 Pack", "price": "$30.00", "price_calculation": "$1.33 per 100mL", "category": "Liquor"},
{"title": "Listerine FreshBurst Antibacterial Mouthwash | 250mL", "price": "$5.50", "price_calculation": "$2.20 per 100mL", "category": "Health & Beauty"},
{"title": "Coles Red Seedless Grapes | 400g", "price": "$4.00", "price_calculation": "$10.00 per 1kg", "category": "Fruit & Vegetables"},
{"title": "McWilliams Royal Reserve Cream Apera 750mL | 1 Each", "price": "$8.00", "price_calculation": "$10.67 per 1L", "category": "Liquor"},
{"title": "Advil Liquid Capsules Fast Ibuprofen Pain & Fever Relief | 20 pack", "price": "$5.75", "price_calculation": "$0.29 per 1ea", "category": "Health & Beauty"},
{"title": "Coles Half Papaya | 1 each", "price": "$2.90", "price_calculation": "$2.90 per 1ea", "category": "Fruit & Vegetables"},
{"title": "Jagermeister Herbal Liqueur 700mL | 1 Each", "price": "$47.00", "price_calculation": "$67.14 per 1L", "category": "Liquor"},
{"title": "Nivea Men Invisible Black And White Power Aerosol Antiperspirant Deodorant | 250mL", "price": "$5.95", "price_calculation": "$2.38 per 100mL", "category": "Health & Beauty"},
{"title": "Coles Chef Blend Tender Leaf Blend | 150g", "price": "$3.50", "price_calculation": "$23.33 per 1kg", "category": "Fruit & Vegetables"},
{"title": "Camshorn Sauvignon Blanc 750mL | 1 Each", "price": "$24.00", "price_calculation": "$32.00 per 1L", "category": "Liquor"},
{"title": "Nivea Men Invisible Black & White Fresh Aerosol Antiperspirant Deodorant | 250mL", "price": "$5.95", "price_calculation": "$2.38 per 100mL", "category": "Health & Beauty"},
{"title": "Coles White Radish | 1 each", "price": "$4.80", "price_calculation": "$6.00 per 1kg", "category": "Fruit & Vegetables"},
{"title": "Taylors One Small Step Cabernet Merlot 750mL | 1 Each", "price": "$12.00", "price_calculation": "$16.00 per 1L", "category": "Liquor"},
{"title": "Nivea Deo Aero Men Black And White Max Protection | 250mL", "price": "$5.95", "price_calculation": "$2.38 per 100mL", "category": "Health & Beauty"},
{"title": "Coles Brushed Potatoes | 4kg", "price": "$9.00", "price_calculation": "$2.25 per 1kg", "category": "Fruit & Vegetables"},
{"title": "Louis De Camponac Cabernet Sauvignon 750mL | 1 Each", "price": "$10.00", "price_calculation": "$13.33 per 1L", "category": "Liquor"},
{"title": "L'Oreal Men Expert Total Clean Gel | 300mL", "price": "$6.00", "price_calculation": "$2.00 per 100mL", "category": "Health & Beauty"},
{"title": "Coles Pitted Medjool Date | 340g", "price": "$11.00", "price_calculation": "$32.35 per 1kg", "category": "Fruit & Vegetables"},
{"title": "Woodstock 4.8% Bourbon & Cola Can 375mL | 6 Pack", "price": "$31.00", "price_calculation": "$1.38 per 100mL", "category": "Liquor"},
{"title": "OC Naturals Normal Balance Shampoo | 725mL", "price": "$6.40", "price_calculation": "$0.88 per 100mL", "category": "Health & Beauty"},
{"title": "Coles Okra loose | approx 200g", "price": "$3.40", "price_calculation": "$17.00 per 1kg", "category": "Fruit & Vegetables"},
{"title": "Proper No. Twelve Irish Whiskey 700mL | 1 Each", "price": "$55.00", "price_calculation": "$78.57 per 1L", "category": "Liquor"},
{"title": "Hismile Toothpaste Mango Sorbet | 60g", "price": "$6.50", "price_calculation": "$10.83 per 100g", "category": "Health & Beauty"},
{"title": "Coles Cranberries | approx 100g", "price": "$2.20", "price_calculation": "$22.00 per 1kg", "category": "Fruit & Vegetables"},
{"title": "Furphy Refreshing Ale Bottle 375mL | 6 Pack", "price": "$16.00", "price_calculation": "$0.71 per 100mL", "category": "Liquor"},
{"title": "Dettol Profresh Shower Gel Body Wash Peach and Raspberry | 950mL", "price": "$7.35", "price_calculation": "$0.77 per 100mL", "category": "Health & Beauty"},
{"title": "Gourmet Garden Garlic Cold Blende Paste Value Pack | 120g", "price": "$5.00", "price_calculation": "$0.42 per 10g", "category": "Fruit & Vegetables"},
{"title": "Mr Finch Cider Rose Bottle 330mL | 6 Pack", "price": "$16.00", "price_calculation": "$0.81 per 100mL", "category": "Liquor"},
{"title": "Femfresh Daily Wash | 250mL", "price": "$7.50", "price_calculation": "$3.00 per 100mL", "category": "Health & Beauty"},
{"title": "Coles Cashew Mac Peanut Mix Rosted & Salted | 400g", "price": "$8.00", "price_calculation": "$20.00 per 1kg", "category": "Fruit & Vegetables"},
{"title": "Taylors One Giant Leap Cabernet Sauvignon 750mL | 1 Each", "price": "$20.00", "price_calculation": "$26.67 per 1L", "category": "Liquor"},
{"title": "Mylanta 2Go Double Strength Antacid Tablets Lemon Mint | 24 pack", "price": "$7.50", "price_calculation": "$0.31 per 1ea", "category": "Health & Beauty"},
{"title": "Coles Dry Roasted Almonds | 400g", "price": "$9.00", "price_calculation": "$22.50 per 1kg", "category": "Fruit & Vegetables"},
{"title": "Lana's Bike Rose 750mL | 1 Each", "price": "$14.00", "price_calculation": "$18.67 per 1L", "category": "Liquor"},
{"title": "Vicks Nasal Spray Decongestant Inhaler | 0.5mL", "price": "$8.00", "price_calculation": "$8.00 per 1ea", "category": "Health & Beauty"},
{"title": "Coles Brushed Baby Potato | 1kg", "price": "$3.00", "price_calculation": "$3.00 per 1kg", "category": "Fruit & Vegetables"},
{"title": "Wild Turkey & Cola Can 375mL | 10 Pack", "price": "$54.00", "price_calculation": null, "category": "Liquor"},
{"title": "Lynx Aerosol Australia Deodorant | 165mL", "price": "$8.00", "price_calculation": "$4.85 per 100mL", "category": "Health & Beauty"},
{"title": "Coles Salad Blend Iceberg & Cos | 500g", "price": "$5.00", "price_calculation": "$10.00 per 1kg", "category": "Fruit & Vegetables"},
{"title": "Smirnoff Ice Double Black Zero 6.5% Can 330mL | 4 Pack", "price": "$25.00", "price_calculation": "$18.94 per 1L", "category": "Liquor"},
{"title": "Lynx Aerosol Voodoo Deodorant | 165mL", "price": "$8.00", "price_calculation": "$4.85 per 100mL", "category": "Health & Beauty"},
{"title": "Coles Kitchen Mexican Style Salad Kit | 400g", "price": "$5.50", "price_calculation": "$13.75 per 1kg", "category": "Fruit & Vegetables"},
{"title": "Two Towns Adelaide Hills Sauvignon Blanc 750mL | 1 Each", "price": "$22.00", "price_calculation": "$29.33 per 1L", "category": "Liquor"},
{"title": "Lynx Aerosol Black Night Deodorant | 165mL", "price": "$8.00", "price_calculation": "$4.85 per 100mL", "category": "Health & Beauty"},
{"title": "Coles Giant Sour Cola Bottles | approx 100g", "price": "$2.50", "price_calculation": "$25.00 per 1kg", "category": "Fruit & Vegetables"},
{"title": "Cleanskin Sweet & Soft SEA Soft Fruity Red 750mL | 1 Each", "price": "$5.50", "price_calculation": "$7.33 per 1L", "category": "Liquor"},
{"title": "Piksters Supagrip Eco Floss Picks | 100 pack", "price": "$8.00", "price_calculation": "$8.00 per 100ea", "category": "Health & Beauty"},
{"title": "Coles Kitchen Carrot & Broccoli Florets | 150g", "price": "$2.00", "price_calculation": "$13.33 per 1kg", "category": "Fruit & Vegetables"},
{"title": "Tangled Vine Soft Fruity White Cask 4Litre | 1 Each", "price": "$14.00", "price_calculation": "$3.50 per 1L", "category": "Liquor"},
{"title": "Dove Men + Care Antiperspirant Invisible Fresh Deodorant | 254mL", "price": "$8.50", "price_calculation": "$3.35 per 100mL", "category": "Health & Beauty"},
{"title": "Coles Kitchen Potato Salad | 250g", "price": "$3.50", "price_calculation": "$14.00 per 1kg", "category": "Fruit & Vegetables"},
{"title": "Just Pink Gin Soda 330mL | 4 Pack", "price": "$19.00", "price_calculation": "$14.39 per 1L", "category": "Liquor"},
{"title": "Nurofen Cold and Flu Multi-Symptom Relief Tablets 200mg Ibuprofen | 12 pack", "price": "$9.00", "price_calculation": "$0.75 per 1ea", "category": "Health & Beauty"},
{"title": "Coles Dragonfruit Fresh | 1 each", "price": "$4.90", "price_calculation": "$4.90 per 1ea", "category": "Fruit & Vegetables"},
{"title": "Hennessy VS Cognac 700mL | 1 Each", "price": "$75.00", "price_calculation": null, "category": "Liquor"},
{"title": "Gastro Stop Plus Chewable Tabs | 6 pack", "price": "$9.00", "price_calculation": "$1.50 per 1ea", "category": "Health & Beauty"},
{"title": "Coles Kitchen Family Vegetable Medley | 750g", "price": "$6.75", "price_calculation": "$9.00 per 1kg", "category": "Fruit & Vegetables"},
{"title": "Two Churches The Preacher Chardonnay 750mL | 1 Each", "price": "$15.00", "price_calculation": "$20.00 per 1L", "category": "Liquor"},
{"title": "Colgate Total Charcoal Deep Clean Toothpaste | 200g", "price": "$10.00", "price_calculation": "$5.00 per 100g", "category": "Health & Beauty"},
{"title": "Coles Tri Colour Capsicum | 500g", "price": "$7.50", "price_calculation": "$15.00 per 1kg", "category": "Fruit & Vegetables"},
{"title": "Sheep Dog Peanut Butter Whiskey 700mL | 1 Each", "price": "$48.00", "price_calculation": "$68.57 per 1L", "category": "Liquor"},
{"title": "Oral-B All Rounder Fresh Clean Soft Toothbrush | 7 pack", "price": "$10.00", "price_calculation": "$1.43 per 1ea", "category": "Health & Beauty"},
{"title": "Coles Portobello Brown Mushrooms | 375g", "price": "$9.50", "price_calculation": "$25.33 per 1kg", "category": "Fruit & Vegetables"},
{"title": "Absolut Lime 700mL | 1 Each", "price": "$45.00", "price_calculation": "$64.29 per 1L", "category": "Liquor"},
{"title": "Vicks Nasal Decongestant Inhaler | 2 pack", "price": "$10.40", "price_calculation": "$5.20 per 1ea", "category": "Health & Beauty"},
{"title": "Coles Kitchen Potato Salad | 800g", "price": "$6.50", "price_calculation": "$8.13 per 1kg", "category": "Fruit & Vegetables"},
{"title": "The Butchers Cellar Cabernet Sauvignon 750mL | 1 Each", "price": "$20.00", "price_calculation": "$26.67 per 1L", "category": "Liquor"},
{"title": "SKYN Elite Condoms | 10 Pack", "price": "$10.50", "price_calculation": "$1.05 per 1ea", "category": "Health & Beauty"},
{"title": "Coles Kitchen Pasta Salad | 800g", "price": "$6.50", "price_calculation": "$8.13 per 1kg", "category": "Fruit & Vegetables"},
{"title": "Bundaberg Alcoholic Ginger Beer Can 375mL | 4 Pack", "price": "$22.00", "price_calculation": "$14.67 per 1L", "category": "Liquor"},
{"title": "Gillette Venus Sensitive Disposable Razors | 3 pack", "price": "$11.00", "price_calculation": "$3.67 per 1ea", "category": "Health & Beauty"},
{"title": "Coles Green Nashi Pears Loose | approx 240g", "price": "$2.38", "price_calculation": "$9.90 per 1kg", "category": "Fruit & Vegetables"},
{"title": "Canadian Club Zero Sugar Dry 4.8% Cans 375mL | 10 Pack", "price": "$47.00", "price_calculation": "$12.53 per 1L", "category": "Liquor"},
{"title": "Sensodyne Sensitivity & Gum Original Toothpaste | 100g", "price": "$12.30", "price_calculation": "$12.30 per 100g", "category": "Health & Beauty"},
{"title": "Coles Piel De Sapo Melon Medium | 1 each", "price": "$5.90", "price_calculation": "$5.90 per 1ea", "category": "Fruit & Vegetables"},
{"title": "JIm Beam Black Double Serve 6.9% Can 375mL | 10 Pack", "price": "$60.00", "price_calculation": "$16.00 per 1L", "category": "Liquor"},
{"title": "Sensodyne Sensitive Teeth Pain Repair & Protect Whitening Toothpaste | 100g", "price": "$12.30", "price_calculation": "$12.30 per 100g", "category": "Health & Beauty"},
{"title": "Coles Ginger | approx 100g", "price": "$2.00", "price_calculation": "$20.00 per 1kg", "category": "Fruit & Vegetables"},
{"title": "Eno Lemon Fruit Salts | 200g", "price": "$12.50", "price_calculation": "$6.25 per 100g", "category": "Health & Beauty"},
{"title": "Coles Kitchen Carrot Sticks | 150g", "price": "$2.00", "price_calculation": "$13.33 per 1kg", "category": "Fruit & Vegetables"},
{"title": "Gillette Sensor 3 Comfort Disposable Razors | 8 pack", "price": "$13.50", "price_calculation": "$1.69 per 1ea", "category": "Health & Beauty"},
{"title": "Coles Organic Bananas | approx180g", "price": "$1.17", "price_calculation": "$6.50 per 1kg", "category": "Fruit & Vegetables"},
{"title": "Herbal Essences Bio Renew Strawberry Shampoo | 400mL", "price": "$13.50", "price_calculation": "$3.38 per 100mL", "category": "Health & Beauty"},
{"title": "Coles Natural Almonds | 400g", "price": "$7.00", "price_calculation": "$17.50 per 1kg", "category": "Fruit & Vegetables"},
{"title": "Coles I'M Perfect Lemons Prepacked | 1kg", "price": "$7.90", "price_calculation": "$7.90 per 1kg", "category": "Fruit & Vegetables"},
{"title": "Coles Natural Macadamias | 400g", "price": "$15.00", "price_calculation": "$37.50 per 1kg", "category": "Fruit & Vegetables"},
{"title": "Coles Organic Snacking Tomatoes | 200g", "price": "$5.20", "price_calculation": "$26.00 per 1kg", "category": "Fruit & Vegetables"},
{"title": "Coles Organic Sweet Corn | 3 pack", "price": "$7.00", "price_calculation": "$2.33 per 1ea", "category": "Fruit & Vegetables"},
{"title": "Coles Dog Food Casserole Chicken Rice & Vegetables | 1.2kg", "price": "$3.45", "price_calculation": "$0.29 per 100g", "category": "Pet"},
{"title": "Tip Top Sunblest Wholemeal Sandwich Bread | 650g", "price": "$4.00", "price_calculation": "$0.62 per 100g", "category": "Bakery"},
{"title": "NBA Hoops Blister Trading Cards | 1 pack", "price": "$3.00", "price_calculation": "$3.00 per 1ea", "category": "Household"},
{"title": "Pedigree Casserole With Beef & Gravy Adult Wet Dog Food Can | 700g", "price": "$3.50", "price_calculation": "$0.50 per 100g", "category": "Pet"},
{"title": "Abe's Bagels Sesame Seed Bagels 4 Pack | 360g", "price": "$4.50", "price_calculation": "$1.25 per 100g", "category": "Bakery"},
{"title": "Mix Adult Protective Re-usable Face Mask | 1 each", "price": "$3.00", "price_calculation": "$3.00 per 1ea", "category": "Household"},
{"title": "Pedigree Homestyle Beef Pasta & Vegies Adult Wet Dog Food Can | 700g", "price": "$3.50", "price_calculation": "$0.50 per 100g", "category": "Pet"},
{"title": "Coles Salted Caramel Profiteroles | 12 Pack", "price": "$4.75", "price_calculation": "$0.40 per 1ea", "category": "Bakery"},
{"title": "Toolworx 2 Piece Screwdriver Set | 2 pack", "price": "$3.12", "price_calculation": "$1.56 per 1ea", "category": "Household"},
{"title": "Vitapet Litter Scoop With Rake | 1 each", "price": "$4.00", "price_calculation": "$4.00 per 1ea", "category": "Pet"},
{"title": "Coles Bakery Wholemeal Baguette | 1 each", "price": "$1.90", "price_calculation": "$1.90 per 1ea", "category": "Bakery"},
{"title": "Korbond Polyester Thread Black & White | 2 pack", "price": "$3.20", "price_calculation": "$1.60 per 1ea", "category": "Household"},
{"title": "Pedigree Homestyle Beef Pasta & Vegies Adult Wet Dog Food Can | 1.2kg", "price": "$4.00", "price_calculation": "$0.33 per 100g", "category": "Pet"},
{"title": "Coles Bakery Stone Baked Mini Wholemeal Petit Pane Di Casa | 1 each", "price": "$2.50", "price_calculation": "$2.50 per 1ea", "category": "Bakery"},
{"title": "Cook & Dine Clip Top Glass Storage Jar | 150mL", "price": "$3.20", "price_calculation": "$21.33 per 1L", "category": "Household"},
{"title": "Pet Munchies Twin Pack Rabbit & Guinea Pig Treat | 180g", "price": "$4.40", "price_calculation": "$2.44 per 100g", "category": "Pet"},
{"title": "Coles Finest By Laurent Traditional Brioche Burger Buns | 2 pack", "price": "$2.70", "price_calculation": "$1.35 per 1ea", "category": "Bakery"},
{"title": "Cook & Dine Porcelain Side Plate | 1 each", "price": "$3.50", "price_calculation": "$3.50 per 1ea", "category": "Household"},
{"title": "Bow Wow Knot Rope Tug With Tennis Ball Toy | 1 pack", "price": "$4.50", "price_calculation": "$4.50 per 1ea", "category": "Pet"},
{"title": "Abe's Bagels 4 Pack | 360g", "price": "$4.50", "price_calculation": "$1.25 per 100g", "category": "Bakery"},
{"title": "Bref Deluxe In Bowl Cleaner Delicate Magnolia | 50g", "price": "$3.50", "price_calculation": null, "category": "Household"},
{"title": "Harmony No Waste Seed Mix | 1kg", "price": "$5.25", "price_calculation": "$0.53 per 100g", "category": "Pet"},
{"title": "Helga's Gluten Free Traditional Wholemeal Bread  | 500g", "price": "$7.50", "price_calculation": "$1.50 per 100g", "category": "Bakery"},
{"title": "Outdoor Life Hose Coupler | 1 each", "price": "$3.50", "price_calculation": "$3.50 per 1ea", "category": "Household"},
{"title": "Vitapet Jerhigh Chicken & Bacon Dog Treats | 100g", "price": "$5.30", "price_calculation": "$5.30 per 100g", "category": "Pet"},
{"title": "Coles Bakery High Fibre Low Gi 7 Seeds & Grains Sandwich Bread Loaf | 400g", "price": "$2.50", "price_calculation": "$0.63 per 100g", "category": "Bakery"},
{"title": "Coles Stainless Steel Bag Clips | 3 pack", "price": "$3.50", "price_calculation": "$1.17 per 1ea", "category": "Household"},
{"title": "Vitapet Jerhigh Chicken Sticks Dog Treats | 100g", "price": "$5.30", "price_calculation": "$5.30 per 100g", "category": "Pet"},
{"title": "Coles Bakery Crusty Entertainer Rolls | 10 pack", "price": "$3.50", "price_calculation": "$0.35 per 1ea", "category": "Bakery"},
{"title": "Coles Corn Holders | 6 pack", "price": "$3.50", "price_calculation": "$0.58 per 1ea", "category": "Household"},
{"title": "Purr Singles Cat Food Tuna Selection 6x85g | 6 pack", "price": "$5.70", "price_calculation": "$1.12 per 100g", "category": "Pet"},
{"title": "Mission Spinach & Herb Wraps 8 pack | 567g", "price": "$5.50", "price_calculation": "$0.97 per 100g", "category": "Bakery"},
{"title": "Kiwi Yellow & Brown Laces | 1 each", "price": "$3.50", "price_calculation": "$1.75 per 1ea", "category": "Household"},
{"title": "Nature's Gift Strips Kangaroo Dog Food 100g | 6 pack", "price": "$5.95", "price_calculation": "$0.99 per 100g", "category": "Pet"},
{"title": "Coles Pain Chocolate | 2 pack", "price": "$3.20", "price_calculation": "$1.60 per 1ea", "category": "Bakery"},
{"title": "Aura Peg Basket | 1 each", "price": "$3.50", "price_calculation": "$3.50 per 1ea", "category": "Household"},
{"title": "Schmackos Dog Treat BBQ Smokey Bacon Chips | 70g", "price": "$6.50", "price_calculation": "$9.29 per 100g", "category": "Pet"},
{"title": "Mr Kipling Lemon Bakewell | 225g", "price": "$3.25", "price_calculation": "$1.44 per 100g", "category": "Bakery"},
{"title": "Fisher Price Thomas & Friends Diecast | 1 each", "price": "$7.00", "price_calculation": "$7.00 per 1ea", "category": "Household"},
{"title": "Woofin Good Joints Dog Treat | 150g", "price": "$7.00", "price_calculation": "$4.67 per 100g", "category": "Pet"},
{"title": "Simson's Pantry Low Carb High Protein 5 pack | 225g", "price": "$4.50", "price_calculation": "$2.00 per 100g", "category": "Bakery"},
{"title": "Oakwood Sneaker Wipes 16 Pack | 1 each", "price": "$3.50", "price_calculation": "$3.50 per 1ea", "category": "Household"},
{"title": "Schmackos Strapz With Chicken Dog Treats | 200g", "price": "$7.50", "price_calculation": "$3.75 per 100g", "category": "Pet"},
{"title": "Abbott's Bakery Sourdough Rye Bread | 760g", "price": "$4.60", "price_calculation": "$0.61 per 100g", "category": "Bakery"},
{"title": "Sharpie Pens | 2 pack", "price": "$3.60", "price_calculation": "$1.80 per 1ea", "category": "Household"},
{"title": "Wag Beef Bladder Sticks Dog Treat | 5 pack", "price": "$7.50", "price_calculation": "$1.50 per 1ea", "category": "Pet"},
{"title": "Coles Bakery Buttermilk Scones | 6 Pack", "price": "$6.00", "price_calculation": "$1.00 per 1ea", "category": "Bakery"},
{"title": "Palmolive Dishwashing Liquid Ultra Australian Extracts Desert Lime & Rivermint | 750mL", "price": "$3.75", "price_calculation": "$0.50 per 100mL", "category": "Household"},
{"title": "My Dog Shredded Meals Chicken Dog Food 6x100g | 6 pack", "price": "$8.00", "price_calculation": "$1.33 per 100g", "category": "Pet"},
{"title": "Coles Pain Raisin | 2 pack", "price": "$3.20", "price_calculation": "$1.60 per 1ea", "category": "Bakery"},
{"title": "Sharpie Metallic Markers | 2 pack", "price": "$3.90", "price_calculation": "$1.95 per 1ea", "category": "Household"},
{"title": "My Dog Shredded Meals Beef Dog Food 6x100g | 6 pack", "price": "$8.00", "price_calculation": "$1.33 per 100g", "category": "Pet"},
{"title": "Coles Thin & Crispy Medium Pizza Bases 2 Pack | 200g", "price": "$3.40", "price_calculation": "$1.70 per 100g", "category": "Bakery"},
{"title": "Air Wick Pure Fresh Berries Aerosol | 159g", "price": "$4.00", "price_calculation": "$2.52 per 100g", "category": "Household"},
{"title": "Purr Meat Selection Cat Food 12X85g | 12 pack", "price": "$8.80", "price_calculation": "$0.86 per 100g", "category": "Pet"},
{"title": "La Fournee Doree Hand Braided Butter Brioche | 400g", "price": "$8.90", "price_calculation": "$2.23 per 100g", "category": "Bakery"},
{"title": "Coles Insect Repellent Odourless Low Irritant | 150g", "price": "$4.00", "price_calculation": "$2.67 per 100g", "category": "Household"},
{"title": "Vitapet Soft Chicken Tenders Dog Treats | 100g", "price": "$9.00", "price_calculation": "$9.00 per 100g", "category": "Pet"},
{"title": "Coles Blueberry Muffin Single Serve | 1 each", "price": "$1.65", "price_calculation": "$1.65 per 1ea", "category": "Bakery"},
{"title": "Coles Silicone Bendy Straws | 5 pack", "price": "$4.00", "price_calculation": "$0.80 per 1ea", "category": "Household"},
{"title": "Fussy Cat Grain Free Twice as Tasty Adult Wet Cat Food Mince & Morsels 12x80gm | 12 pack", "price": "$9.45", "price_calculation": "$0.98 per 100g", "category": "Pet"},
{"title": "Cadbury Raspberry Mini Rolls 5 pack | 130g", "price": "$3.00", "price_calculation": "$2.31 per 100g", "category": "Bakery"},
{"title": "Coles Plastic Push Pins In Pouch | 90 pack", "price": "$4.00", "price_calculation": "$0.04 per 1ea", "category": "Household"},
{"title": "Harmony Wild Bird Mix Bird Seed | 4kg", "price": "$9.50", "price_calculation": "$0.24 per 100g", "category": "Pet"},
{"title": "Coles Lemon Cheesecake Slices | 2 pack", "price": "$5.50", "price_calculation": "$2.50 per 100g", "category": "Bakery"},
{"title": "Licensed Stickers | 3 pack", "price": "$4.00", "price_calculation": "$1.33 per 1ea", "category": "Household"},
{"title": "The Paw Grocer Freeze Dried Chicken Necks Dog Treat | 90g", "price": "$9.95", "price_calculation": "$11.06 per 100g", "category": "Pet"},
{"title": "Toscano Mini Waffles | 200g", "price": "$5.50", "price_calculation": "$2.75 per 100g", "category": "Bakery"},
{"title": "Coles Australiana Face Masks | 10 pack", "price": "$4.00", "price_calculation": "$0.40 per 1ea", "category": "Household"},
{"title": "Pedigree Dry Dog Food Small Breed Chicken | 2.5kg", "price": "$11.00", "price_calculation": "$0.44 per 100g", "category": "Pet"},
{"title": "Coles I'M Free From White Loaf | 500g", "price": "$5.70", "price_calculation": "$1.14 per 100g", "category": "Bakery"},
{"title": "BFF Minis Mystery Pack | 1 each", "price": null, "price_calculation": null, "category": "Household"},
{"title": "Applaws Taste Toppers Dog Tin Multipack Chicken Selection In Broth Dog Food 5X156g | 5 pack", "price": "$12.50", "price_calculation": "$1.60 per 100g", "category": "Pet"},
{"title": "Burgen Wholemeal & Seeds Bread | 700g", "price": "$5.90", "price_calculation": "$0.84 per 100g", "category": "Bakery"},
{"title": "Yates Strawberry Seeds | 1 each", "price": "$4.20", "price_calculation": "$4.20 per 1ea", "category": "Household"},
{"title": "Dine Desire Wet Cat Food Pure Tuna Whitemeat Can 6x85g | 6 pack", "price": "$12.50", "price_calculation": "$2.45 per 100g", "category": "Pet"},
{"title": "Coles Bakery Custard Filled Profiteroles | 8 pack", "price": "$6.75", "price_calculation": "$0.84 per 1ea", "category": "Bakery"},
{"title": "Cook & Dine Rectangle Food Containers | 3 pack", "price": "$8.50", "price_calculation": "$2.83 per 1ea", "category": "Household"},
{"title": "Catmate Eco Friendly Cat Litter | 7kg", "price": "$13.50", "price_calculation": "$1.93 per 1kg", "category": "Pet"},
{"title": "Noshu 95% Sugar Free Iced Carrot Cakes | 180g", "price": "$7.00", "price_calculation": "$3.89 per 100g", "category": "Bakery"},
{"title": "Crest Antenna Cable 3m | 1 each", "price": "$4.50", "price_calculation": "$4.50 per 1ea", "category": "Household"},
{"title": "Dine Daily Cat Food Meat Selection 14X85g | 14 pack", "price": "$15.50", "price_calculation": "$1.30 per 100g", "category": "Pet"},
{"title": "Coles Bakery Mini White Flatbread | 6 pack", "price": "$3.50", "price_calculation": "$0.58 per 1ea", "category": "Bakery"},
{"title": "Playgro Farmyard Friends | 1 each", "price": "$9.50", "price_calculation": "$9.50 per 1ea", "category": "Household"},
{"title": "Nood Dry Cat Food Sustainable  Salmon Recipe With Probiotics | 1.5kg", "price": "$16.50", "price_calculation": "$1.10 per 100g", "category": "Pet"},
{"title": "Coles Bakery Sponge Roll Mini Choc | 6 pack", "price": "$3.50", "price_calculation": "$0.58 per 1ea", "category": "Bakery"},
{"title": "Coles Pva Craft Glue | 250mL", "price": "$4.80", "price_calculation": "$1.92 per 100g", "category": "Household"},
{"title": "Purina One Adult Dry Cat Food Healthy Salmon And Tuna | 1.5kg", "price": "$17.00", "price_calculation": "$1.13 per 100g", "category": "Pet"},
{"title": "Abes Bagels Multigrain 4 Pack | 360g", "price": "$4.50", "price_calculation": "$1.25 per 100g", "category": "Bakery"},
{"title": "Trix Non-Chlorine Bleach Regular | 2L", "price": "$4.95", "price_calculation": "$2.48 per 1L", "category": "Household"},
{"title": "Greenies Original Dog Treat Teenie | 170g", "price": "$18.00", "price_calculation": "$10.59 per 100g", "category": "Pet"},
{"title": "Coles Carrot Cake | 400g", "price": "$5.50", "price_calculation": "$1.38 per 100g", "category": "Bakery"},
{"title": "Trix Non-Chlorine Bleach Lemon | 2L", "price": "$4.95", "price_calculation": "$2.48 per 1L", "category": "Household"},
{"title": "Fancy Feast Inspirations Chicken Variety Cat Food 12x70g | 12 pack", "price": "$19.00", "price_calculation": "$2.26 per 100g", "category": "Pet"},
{"title": "Coles Cupcakes Red Velvet 4 Pack | 288g", "price": "$6.00", "price_calculation": "$2.08 per 100g", "category": "Bakery"},
{"title": "5 Seasons Ergonomic Adjustable Foot And Heel Hammock | 1 each", "price": "$6.99", "price_calculation": "$6.99 per 1ea", "category": "Household"},
{"title": "Purina Inspirations Salmon & Tuna Cat Food 12x70g | 12 pack", "price": "$19.00", "price_calculation": "$2.26 per 100g", "category": "Pet"},
{"title": "Coles Blueberry Cheesecake | 450g", "price": "$9.00", "price_calculation": "$2.00 per 100g", "category": "Bakery"},
{"title": "Whiteboard Accessory Pack | 1 pack", "price": "$4.99", "price_calculation": "$4.99 per 1ea", "category": "Household"},
{"title": "Vitapet Jerhigh Milky Sticks With Real Chicken Dog Treats | 400g", "price": "$20.00", "price_calculation": "$5.00 per 100g", "category": "Pet"},
{"title": "Coles Belgian Chocolate Gateau | 800g", "price": "$18.00", "price_calculation": "$2.25 per 100g", "category": "Bakery"},
{"title": "Mix Sheer Anklets 15 Denier Size 1 | 4 pack", "price": "$5.00", "price_calculation": "$1.25 per 1ea", "category": "Household"},
{"title": "Vitapet Chicken Sampler Jerhigh Dog Treat | 400g", "price": "$20.00", "price_calculation": "$5.00 per 100g", "category": "Pet"},
{"title": "Helga's Turkish Rolls | 400g", "price": "$3.00", "price_calculation": "$0.75 per 100g", "category": "Bakery"},
{"title": "Mix Sheer Sockettes 30 Denier Natural Size 1 | 4 pack", "price": "$5.00", "price_calculation": "$1.25 per 1ea", "category": "Household"},
{"title": "Optimum Puppy Dry Dog Food | 3kg", "price": "$22.00", "price_calculation": "$0.73 per 100g", "category": "Pet"},
{"title": "Coles Cheese Rolls | 4 pack", "price": "$4.50", "price_calculation": "$1.13 per 1ea", "category": "Bakery"},
{"title": "Disney Cars Micro Racers Assortment | 1 each", "price": "$5.00", "price_calculation": "$5.00 per 1ea", "category": "Household"},
{"title": "Nood Dry Dog Food Cage Free Chicken Recipe With Superfoods | 3kg", "price": "$23.00", "price_calculation": "$0.77 per 100g", "category": "Pet"},
{"title": "Coles Apple & Cinnamon Muffins | 4 pack", "price": "$4.70", "price_calculation": "$1.18 per 1ea", "category": "Bakery"},
{"title": "Palmolive Ultra Strength Concentrate Complete Dishwashing Liquid Jasmine Splash | 500mL", "price": "$5.00", "price_calculation": "$1.00 per 100mL", "category": "Household"},
{"title": "Purina Total Care Cat Treatment Heartwormer All Wormer Flea Control | 1 pack", "price": "$23.00", "price_calculation": "$23.00 per 1ea", "category": "Pet"},
{"title": "Coles Lightly Fruited Sultana Cake | 800g", "price": "$5.60", "price_calculation": "$0.70 per 100g", "category": "Bakery"},
{"title": "Mix Sheer Glow Ph Black Average | 1 each", "price": "$5.00", "price_calculation": "$5.00 per 1ea", "category": "Household"},
{"title": "Fussy Cat Grain Free Twice as Tasty Adult Wet Cat Food Pouch Jumbo Gravy Favourites 28x80g | 28 pack", "price": "$25.00", "price_calculation": "$1.12 per 100g", "category": "Pet"},
{"title": "Coles Bakery High Fibre Low Gi White Sandwich Loaf | 330g", "price": "$2.50", "price_calculation": "$0.76 per 100g", "category": "Bakery"},
{"title": "Sheer Relief 32800 Pantyhose Beige X-Tall | 1 each", "price": "$5.00", "price_calculation": "$5.00 per 1ea", "category": "Household"},
{"title": "Supercoat Adult With Chicken Dry Dog Food | 7kg", "price": "$28.00", "price_calculation": "$0.40 per 100g", "category": "Pet"},
{"title": "Coles Stonebaked By Laurent White Sourdough Garlic Bread | 1 each", "price": "$4.00", "price_calculation": "$4.00 per 1ea", "category": "Bakery"},
{"title": "Supercoat Puppy With Chicken Dry Dog Food | 6.7kg", "price": "$28.00", "price_calculation": "$0.42 per 100g", "category": "Pet"},
{"title": "Mission Salt Reduced Wraps 8 pack | 567g", "price": "$5.50", "price_calculation": "$0.97 per 100g", "category": "Bakery"},
{"title": "Pedigree Adult Dry Dog Food with Real Beef | 8kg", "price": "$31.00", "price_calculation": "$0.39 per 100g", "category": "Pet"},
{"title": "Coles Flourless Orange Slice 2 Pack | 200g", "price": "$5.50", "price_calculation": "$2.75 per 100g", "category": "Bakery"},
{"title": "Pedigree Real Chicken Adult Dry Dog Food | 8kg", "price": "$31.00", "price_calculation": "$0.39 per 100g", "category": "Pet"},
{"title": "Coles Tiramisu Pot | 2 pack", "price": "$6.00", "price_calculation": "$3.00 per 1ea", "category": "Bakery"},
{"title": "Optimum Adult With Beef Vegetables & Rice Dry Dog Food | 7kg", "price": "$33.50", "price_calculation": "$0.48 per 100g", "category": "Pet"},
{"title": "Coles Bakery Fairy Cupcakes | 6 pack", "price": "$6.25", "price_calculation": "$1.04 per 1ea", "category": "Bakery"},
{"title": "Optimum Dry Dog Food Adult Chicken Vegetable Rice | 7kg", "price": "$33.50", "price_calculation": "$0.48 per 100g", "category": "Pet"},
{"title": "Coles Choc Chip Banana Bread Slices 5 Pack | 500g", "price": "$6.50", "price_calculation": "$1.30 per 100g", "category": "Bakery"},
{"title": "Pet Treat Bar Beef Paddy Wacks | approx 100g", "price": "$6.00", "price_calculation": "$60.00 per 1kg", "category": "Pet"},
{"title": "Pet Treat Bar Joint Mobility Dog Biscuits | approx 100g", "price": "$6.00", "price_calculation": "$60.00 per 1kg", "category": "Pet"},
{"title": "CUB Apple & Raisin Fruit & Oat Bar 6x15g | 90g", "price": "$2.75", "price_calculation": "$3.06 per 100g", "category": "Baby"},
{"title": "Little Bellies Organic Banana Date & Oat Bars | 85g", "price": "$3.50", "price_calculation": "$4.12 per 100g", "category": "Baby"},
{"title": "Little Bellies Organic Apricot Date & Oat Bars | 85g", "price": "$3.50", "price_calculation": "$4.12 per 100g", "category": "Baby"},
{"title": "Rafferty's Garden Banana Milk Teething Rusks Baby Food 6+ Months | 100g", "price": "$3.50", "price_calculation": "$3.50 per 100g", "category": "Baby"},
{"title": "Bellamy's Organic Milk & Vanilla Baby Rice | 125g", "price": "$4.00", "price_calculation": "$3.20 per 100g", "category": "Baby"},
{"title": "Bellamy's Organic Apple & Cinnamon Baby Porridge Cereal Pouch 6+ Months | 125g", "price": "$4.00", "price_calculation": "$3.20 per 100g", "category": "Baby"},
{"title": "Mighty Bellies Puffcorn Cheese Flavoured | 30g", "price": "$4.75", "price_calculation": "$15.83 per 100g", "category": "Baby"},
{"title": "Only Organic Apple Coconut And Flaxseed Biscuit With Prebiotics 10+ Months | 100g", "price": "$5.50", "price_calculation": "$5.50 per 100g", "category": "Baby"},
{"title": "Nerada Organic Lemon & Ginger Tea Bags 40 pack | 60g", "price": "$5.80", "price_calculation": "$0.15 per 1ea", "category": "Drinks"},
{"title": "Johnson's Baby Bedtime Jasmine & Lily Scented Baby Bath | 500mL", "price": "$6.60", "price_calculation": "$1.32 per 100mL", "category": "Baby"},
{"title": "Vittoria Espressotoria Espresso Coffee Capsules 12 pack | 78g", "price": "$6.00", "price_calculation": "$0.50 per 1ea", "category": "Drinks"},
{"title": "Cetaphil Baby Moisturising Bath & Wash | 400mL", "price": "$11.06", "price_calculation": "$2.77 per 100mL", "category": "Baby"},
{"title": "Vittoria Espresso Ground Coffee | 200g", "price": "$6.00", "price_calculation": "$3.00 per 100g", "category": "Drinks"},
{"title": "Coles Kitchen Classics Mixed Leaf Garden Salad | 180g", "price": "$5.50", "price_calculation": "$30.56 per 1kg", "category": "Fruit & Vegetables"},
{"title": "Peters Light & Creamy Raspberry Ripple Fat Free Ice Cream Tub | 1.8L", "price": "$6.50", "price_calculation": "$0.36 per 100mL", "category": "Frozen"},
{"title": "CUB Plastic Lined Terry Bibs | 5 pack", "price": "$12.50", "price_calculation": "$2.50 per 1ea", "category": "Baby"},
{"title": "Nexba Kombucha Apple Pear Ginger 4x330mL | 4 pack", "price": "$6.90", "price_calculation": "$5.23 per 1L", "category": "Drinks"},
{"title": "Coles Organic Spring Onions | 1 each", "price": "$5.50", "price_calculation": "$5.50 per 1ea", "category": "Fruit & Vegetables"},
{"title": "Birds Eye Frozen Steam Fresh Plus Pearl CousCous With Chick Peas 2 pack | 400g", "price": "$7.00", "price_calculation": "$17.50 per 1kg", "category": "Frozen"},
{"title": "Golden Fluffy & Delicious Waffles 5 pack | 275g", "price": "$4.50", "price_calculation": "$1.64 per 100g", "category": "Bakery"},
{"title": "Infacol Wind Drops | 50mL", "price": "$15.49", "price_calculation": "$30.98 per 100mL", "category": "Baby"},
{"title": "Schweppes Dry Ginger No Sugar Mixers 4X300Ml | 4 pack", "price": "$6.90", "price_calculation": "$5.75 per 1L", "category": "Drinks"},
{"title": "Coles Tomatoes Kumato | 500g", "price": "$7.90", "price_calculation": "$15.80 per 1kg", "category": "Fruit & Vegetables"},
{"title": "Bulla Creamy Classic Sandwich Neapolitan 4 pack | 560mL", "price": "$9.00", "price_calculation": "$1.61 per 100mL", "category": "Frozen"},
{"title": "Coles I'M Free From 5 Seed Loaf | 500g", "price": "$5.70", "price_calculation": "$1.14 per 100g", "category": "Bakery"},
{"title": "Rascal + Friends Nappies Size 4 Toddler | 36 pack", "price": "$16.00", "price_calculation": "$0.44 per 1ea", "category": "Baby"},
{"title": "Moccona Classic Medium Roast Instant Coffee | 50g", "price": "$7.00", "price_calculation": "$14.00 per 100g", "category": "Drinks"},
{"title": "Coles Dried Figs | approx 100g", "price": "$2.00", "price_calculation": "$20.00 per 1kg", "category": "Fruit & Vegetables"},
{"title": "McCain Frozen Ultra Thin Crust Tandoori Chicken Pizza | 320g", "price": "$9.00", "price_calculation": "$2.81 per 100g", "category": "Frozen"},
{"title": "Coles Chocolate Mud Cake Slices 5 pack | 500g", "price": "$6.50", "price_calculation": "$1.30 per 100g", "category": "Bakery"},
{"title": "Babylove Cosifit Nappies Size 5 (12-17Kg) | 28 pack", "price": "$16.00", "price_calculation": "$0.57 per 1ea", "category": "Baby"},
{"title": "Grove Signature Orange Juice | 2L", "price": "$7.15", "price_calculation": "$3.58 per 1L", "category": "Drinks"},
{"title": "Coles Nougat Cranberry & Nut | approx 100g", "price": "$2.20", "price_calculation": "$22.00 per 1kg", "category": "Fruit & Vegetables"},
{"title": "McCain Frozen Ultra Thin Crust Pepperoni Pizza | 310g", "price": "$9.00", "price_calculation": "$2.90 per 100g", "category": "Frozen"},
{"title": "Edwards Sourdough Rye Light Bread | 680g", "price": "$8.50", "price_calculation": "$1.25 per 100g", "category": "Bakery"},
{"title": "Tooshies Eco Wipes Aloe Vera & Chamomile | 280 pack", "price": "$16.65", "price_calculation": "$5.95 per 100ea", "category": "Baby"},
{"title": "Schweppes Traditional Raspberry Soft Drink 10x375mL | 10 pack", "price": "$7.50", "price_calculation": "$2.00 per 1L", "category": "Drinks"},
{"title": "Coles Cashew & Soy Crisps Mix | approx 100g", "price": "$2.50", "price_calculation": "$25.00 per 1kg", "category": "Fruit & Vegetables"},
{"title": "Birds Eye Plant Based Sweet Chilli Tenders | 300g", "price": "$7.30", "price_calculation": "$2.43 per 100g", "category": "Frozen"},
{"title": "Mr Kipling Caramel Bakewell 6 Pack | 230g", "price": "$3.25", "price_calculation": "$1.41 per 100g", "category": "Bakery"},
{"title": "Huggies Ultra Dry Nappy Pants Boys Size 5 (12-17kg) | 26 pack", "price": "$22.00", "price_calculation": "$0.85 per 1ea", "category": "Baby"},
{"title": "Starbucks Signature Salted Caramel Hot Chocolate | 10 pack", "price": "$7.60", "price_calculation": "$0.76 per 1ea", "category": "Drinks"},
{"title": "Coles Butter Salad Leaf | 200g", "price": "$4.50", "price_calculation": "$22.50 per 1kg", "category": "Fruit & Vegetables"},
{"title": "Creative Gourmet Frozen Organic Acai Puree | 400g", "price": "$8.00", "price_calculation": "$2.00 per 100g", "category": "Frozen"},
{"title": "Helgas Mini Loaf Traditional Wholemeal | 360g", "price": "$3.90", "price_calculation": "$1.08 per 100g", "category": "Bakery"},
{"title": "Alula S-26 Gold Stage 3 Milk Drink 1year+ | 900g", "price": "$25.50", "price_calculation": "$2.83 per 100g", "category": "Baby"},
{"title": "Nestle Milo Plant Based Chocolate Malt Powder Drink | 395g", "price": "$9.40", "price_calculation": "$2.38 per 100g", "category": "Drinks"},
{"title": "Coles Organic Baby Cos Lettuce | 2 pack", "price": "$5.00", "price_calculation": "$2.50 per 1ea", "category": "Fruit & Vegetables"},
{"title": "Herbert Adams Frozen King Island Frozen Beef Sausage Rolls 12 pack | 420g", "price": "$8.50", "price_calculation": "$2.02 per 100g", "category": "Frozen"},
{"title": "Coles Mini Pizza Bases | 280g", "price": "$3.90", "price_calculation": "$1.39 per 100g", "category": "Bakery"},
{"title": "Rascal + Friends Nappy Pants Size 5 Walker | 50 pack", "price": "$30.00", "price_calculation": "$60.00 per 100ea", "category": "Baby"},
{"title": "Nescafe Dolce Gusto Espresso Intenso Coffee Capsules 16 pack | 96g", "price": "$10.00", "price_calculation": "$0.63 per 1ea", "category": "Drinks"},
{"title": "Coles Organic Pak Choy Bunch | 1 each", "price": "$5.50", "price_calculation": "$5.50 per 1ea", "category": "Fruit & Vegetables"},
{"title": "Sara Lee Frozen Chocolate Bavarian Cheesecake | 375g", "price": "$8.50", "price_calculation": "$2.27 per 100g", "category": "Frozen"},
{"title": "Coles Carrot Loaf Cake | 500g", "price": "$5.60", "price_calculation": "$1.12 per 100g", "category": "Bakery"},
{"title": "Babylove Nappy Pants Size 5 (12-17Kg) | 50 pack", "price": "$31.00", "price_calculation": "$62.00 per 100ea", "category": "Baby"},
{"title": "DC Coffee Ground Darkness | 250g", "price": "$10.00", "price_calculation": "$4.00 per 100g", "category": "Drinks"},
{"title": "Coles Honey Cashews | 350g", "price": "$9.00", "price_calculation": "$25.72 per 1kg", "category": "Fruit & Vegetables"},
{"title": "Streets Paddle Pop Chocolate | 544mL", "price": "$9.00", "price_calculation": "$1.65 per 100mL", "category": "Frozen"},
{"title": "Mr Kipling Signature Salted Caramel Slice 6 Pack | 165g", "price": "$6.00", "price_calculation": "$3.64 per 100g", "category": "Bakery"},
{"title": "Babylove Nappy Pants Size 4 (9-14Kg) | 56 pack", "price": "$31.00", "price_calculation": "$55.36 per 100ea", "category": "Baby"},
{"title": "Moccona Cafe Classics Latte Sachets | 30 pack", "price": "$12.00", "price_calculation": "$0.40 per 1ea", "category": "Drinks"},
{"title": "Coles Sugar Snap Peas Loose | approx 200g", "price": "$4.60", "price_calculation": "$23.00 per 1kg", "category": "Fruit & Vegetables"},
{"title": "Streets Calippo Minis Lemon Orange & Lime Ice Blocks 10 pack | 575mL", "price": "$9.00", "price_calculation": "$1.57 per 100mL", "category": "Frozen"},
{"title": "Coles Finest By Laurent Black Olive And Chilli Vienna | 1 each", "price": "$6.50", "price_calculation": "$6.50 per 1ea", "category": "Bakery"},
{"title": "Aptamil Prosyneo Sensitive Baby Infant Formula Formulated For Tolerance From Birth to 12 Months | 900g", "price": "$32.00", "price_calculation": "$3.56 per 100g", "category": "Baby"},
{"title": "Tinnies Ultra Low Alcohol Beer 6x375mL | 6 pack", "price": null, "price_calculation": null, "category": "Drinks"},
{"title": "Scoop And Weigh Thai Curry Rice Crackers | approx 100g", "price": "$2.50", "price_calculation": "$25.00 per 1kg", "category": "Fruit & Vegetables"},
{"title": "On The Menu Frozen Beef Lasagne | 1kg", "price": "$9.50", "price_calculation": "$0.95 per 100g", "category": "Frozen"},
{"title": "Coles Multigrain Dinner Rolls 260g | 6 pack", "price": "$2.60", "price_calculation": "$0.43 per 1ea", "category": "Bakery"},
{"title": "Bellamy's Organic Step 1 Infant Formula | 900g", "price": "$34.40", "price_calculation": "$3.82 per 100g", "category": "Baby"},
{"title": "Dilmah Extra Strength Pure Ceylon Bags 200 Pack | 480g", "price": "$12.50", "price_calculation": "$0.06 per 1ea", "category": "Drinks"},
{"title": "Coles Superboost | approx 100g", "price": "$2.80", "price_calculation": "$28.00 per 1kg", "category": "Fruit & Vegetables"},
{"title": "Weis Mango Ice Cream Bars 4 Pack | 280mL", "price": "$9.50", "price_calculation": "$3.39 per 100mL", "category": "Frozen"},
{"title": "Wonder Mini Loaf Wholemeal | 320g", "price": "$2.90", "price_calculation": "$0.91 per 100g", "category": "Bakery"},
{"title": "Huggies Ultra Dry Nappies Girls Size 3 (6-11kg) | 90 pack", "price": "$40.00", "price_calculation": "$44.44 per 100ea", "category": "Baby"},
{"title": "Starbucks Dark Roast Premium Instant Coffee | 90g", "price": "$13.00", "price_calculation": "$14.44 per 100g", "category": "Drinks"},
{"title": "Coles Half Orange Candy Melon | 1 each", "price": "$2.50", "price_calculation": "$2.50 per 1ea", "category": "Fruit & Vegetables"},
{"title": "Connoisseur Ice Cream Mint Cookies 4 Pack | 400mL", "price": "$9.50", "price_calculation": "$2.38 per 100mL", "category": "Frozen"},
{"title": "Coles Bakery Stone Baked Mini Rustic Baguette | 2 pack", "price": "$3.00", "price_calculation": "$1.50 per 1ea", "category": "Bakery"},
{"title": "Mum-Mum Pea Snacks Cheese 12M+ | 12g", "price": "$1.50", "price_calculation": "$12.50 per 100g", "category": "Baby"},
{"title": "Twinings Morning Tea Bags 100 pack | 200g", "price": "$13.50", "price_calculation": "$0.14 per 1ea", "category": "Drinks"},
{"title": "Coles Kitchen Family Stir Fry Mix | 400g", "price": "$3.50", "price_calculation": "$8.75 per 1kg", "category": "Fruit & Vegetables"},
{"title": "Coles Prawns Cooked Peeled Tail Off | 350g", "price": "$10.00", "price_calculation": "$28.57 per 1kg", "category": "Frozen"},
{"title": "Coles Mini Pikelets 24pack | 200g", "price": "$4.00", "price_calculation": "$2.00 per 100g", "category": "Bakery"},
{"title": "Kiddylicious Banana Fruity Puffs 7+ Months | 10g", "price": "$1.70", "price_calculation": "$17.00 per 100g", "category": "Baby"},
{"title": "Republica 100% Pure Coffee Decaffeinated | 100g", "price": "$13.50", "price_calculation": "$13.50 per 100g", "category": "Drinks"},
{"title": "Coles Jalapeno Chilli | 80g", "price": "$3.80", "price_calculation": "$47.50 per 1kg", "category": "Fruit & Vegetables"},
{"title": "McCain Pub Size Double Meat Bacon Carbonara | 500g", "price": "$10.00", "price_calculation": "$2.00 per 100g", "category": "Frozen"},
{"title": "Helgas Grains And Seeds Sourdough Bread | 750g", "price": "$4.90", "price_calculation": "$0.65 per 100g", "category": "Bakery"},
{"title": "Bellamy's Organic  Vanilla & Pear Custard With Chia Seeds 8 + Months | 120g", "price": "$2.00", "price_calculation": "$1.67 per 100g", "category": "Baby"},
{"title": "Vittoria Espresso Ground Coffee | 500g", "price": "$14.00", "price_calculation": "$2.80 per 100g", "category": "Drinks"},
{"title": "Coles Kitchen Green Goddess Veggie Pot | 200g", "price": "$5.50", "price_calculation": "$27.50 per 1kg", "category": "Fruit & Vegetables"},
{"title": "KB's Seafood Marinated Barramundi Fillet | 260g", "price": "$10.00", "price_calculation": "$38.46 per 1kg", "category": "Frozen"},
{"title": "Helga's Prebiotic Wholemeal Barley Loaf | 700g", "price": "$5.50", "price_calculation": "$0.79 per 100g", "category": "Bakery"},
{"title": "Rafferty's Garden Fig & Apricot Baked Oat Bites 12M+ Months | 30g", "price": "$2.00", "price_calculation": "$6.67 per 100g", "category": "Baby"},
{"title": "Bundaberg Diet Ginger Beer Multipack 10X375mL | 10 pack", "price": "$14.70", "price_calculation": "$3.92 per 1L", "category": "Drinks"},
{"title": "Coles Kitchen Vegetable Soup Mix Kit | 450g", "price": null, "price_calculation": null, "category": "Fruit & Vegetables"},
{"title": "Magnum Ice Cream Classic Tub | 440mL", "price": "$10.50", "price_calculation": "$2.39 per 100mL", "category": "Frozen"},
{"title": "Lawson's Traditional Stone Mill Wholemeal Bread | 750g", "price": "$5.80", "price_calculation": "$0.77 per 100g", "category": "Bakery"},
{"title": "Coles Full Cream Milk | 3L", "price": "$4.50", "price_calculation": "$1.50 per 1L", "category": "Dairy, Eggs & Fridge"},
{"title": "Only Organic Coconut Banana & Acai Smoothie | 100g", "price": "$2.50", "price_calculation": "$2.50 per 100g", "category": "Baby"},
{"title": "Heaps Normal Quiet Non Alcoholic XPA 375mL | 4 pack", "price": "$15.00", "price_calculation": "$10.00 per 1L", "category": "Drinks"},
{"title": "Coles Organic Carrots Prepacked | 2kg", "price": "$6.00", "price_calculation": "$3.00 per 1kg", "category": "Fruit & Vegetables"},
{"title": "Coles Mozzarella Cheese Bites | 700g", "price": "$11.50", "price_calculation": "$1.64 per 100g", "category": "Frozen"},
{"title": "Abbott's Bakery Gluten Free Mixed Seeds Bread | 500g", "price": "$7.00", "price_calculation": "$1.40 per 100g", "category": "Bakery"},
{"title": "Farmers Union Iced Coffee | 2L", "price": "$5.00", "price_calculation": "$2.50 per 1L", "category": "Dairy, Eggs & Fridge"},
{"title": "Only Organic Banana Mixed Berry Coconut Chia | 100g", "price": "$2.50", "price_calculation": "$2.50 per 100g", "category": "Baby"},
{"title": "Starbucks Medium House Blend Coffee Capsules By Nespresso 205g | 36 pack", "price": "$17.50", "price_calculation": "$0.49 per 1ea", "category": "Drinks"},
{"title": "Coles Parsnips Prepacked | 350g", "price": "$7.00", "price_calculation": "$20.00 per 1kg", "category": "Fruit & Vegetables"},
{"title": "Sara Lee Strawberries & Cream Ice Cream Tub | 1L", "price": "$12.00", "price_calculation": "$1.20 per 100mL", "category": "Frozen"},
{"title": "Abbott's Bakery Gluten Free Farmhouse Wholemeal Bread | 500g", "price": "$7.00", "price_calculation": "$1.40 per 100g", "category": "Bakery"},
{"title": "Dare Iced Coffee Espresso Flavoured Milk | 500mL", "price": "$2.90", "price_calculation": "$5.80 per 1L", "category": "Dairy, Eggs & Fridge"},
{"title": "Kiddylicious Wafers Raspberry 4x4g | 16g", "price": "$2.50", "price_calculation": "$15.63 per 100g", "category": "Baby"},
{"title": "Vittoria Mountain Grown Ground Coffee | 1kg", "price": "$22.00", "price_calculation": "$2.20 per 100g", "category": "Drinks"},
{"title": "Coles Washed Chipping Potatoes | 2kg", "price": "$7.00", "price_calculation": "$3.50 per 1kg", "category": "Fruit & Vegetables"},
{"title": "I&J Original Crumb Fish Fillets | 1kg", "price": "$13.00", "price_calculation": "$13.00 per 1kg", "category": "Frozen"},
{"title": "Edwards Sourdough Rye Dark Bread | 680g", "price": "$8.50", "price_calculation": "$1.25 per 100g", "category": "Bakery"},
{"title": "Big M Iced Coffee Flavoured Milk | 2L", "price": "$5.00", "price_calculation": "$2.50 per 1L", "category": "Dairy, Eggs & Fridge"},
{"title": "Whole Kids Organic Meltaway Sticks 100% Corn 6M+ | 10g", "price": "$2.50", "price_calculation": "$25.00 per 100g", "category": "Baby"},
{"title": "Arizona Peach Flavour Ice Tea Bottle | 500mL", "price": "$2.70", "price_calculation": "$5.40 per 1L", "category": "Drinks"},
{"title": "Coles Kitchen Caesar Pasta Salad | 245g", "price": "$9.60", "price_calculation": "$3.92 per 100g", "category": "Fruit & Vegetables"},
{"title": "Kb's Fish Crispy Goujons | 1kg", "price": "$13.75", "price_calculation": "$13.75 per 1kg", "category": "Frozen"},
{"title": "Tip Top Multigrain English Muffins 6 Pack | 400g", "price": "$3.00", "price_calculation": "$0.75 per 100g", "category": "Bakery"},
{"title": "Latina Fresh Beef Ravioli | 625g", "price": "$8.50", "price_calculation": "$1.36 per 100g", "category": "Dairy, Eggs & Fridge"},
{"title": "Only Organic Mango Banana Passion Coconut Flexseed With Prebiotics 1-5 Years | 100g", "price": "$2.50", "price_calculation": "$2.50 per 100g", "category": "Baby"},
{"title": "Campbell's V8 Vegetable Juice | 300mL", "price": "$2.30", "price_calculation": "$7.67 per 1L", "category": "Drinks"},
{"title": "Coles Brazil Nuts Natural | 400g", "price": "$14.00", "price_calculation": "$35.00 per 1kg", "category": "Fruit & Vegetables"},
{"title": "Cadbury Freddo Party Cake Ice Cream | 1.5L", "price": "$15.00", "price_calculation": "$1.00 per 100mL", "category": "Frozen"},
{"title": "Coles Gold Party Candles | 16 pack", "price": "$3.00", "price_calculation": "$0.19 per 1ea", "category": "Bakery"},
{"title": "Latina Fresh Creamy Sundried Tomato Pasta Sauce | 425g", "price": "$6.50", "price_calculation": "$1.53 per 100g", "category": "Dairy, Eggs & Fridge"},
{"title": "Only Organic Pumpkin Potato & Beef Baby Food 8+ Months | 170g", "price": "$2.90", "price_calculation": "$1.71 per 100g", "category": "Baby"},
{"title": "Mildura Orange And Passionfruit Drink | 500mL", "price": "$2.30", "price_calculation": "$4.60 per 1L", "category": "Drinks"},
{"title": "Coles Kitchen Superfood Leaf Mix | 150g", "price": "$3.00", "price_calculation": "$20.00 per 1kg", "category": "Fruit & Vegetables"},
{"title": "Sabrini Samosa | 1.125kg", "price": "$16.00", "price_calculation": "$1.42 per 100g", "category": "Frozen"},
{"title": "Coles Bakery Tiger Vienna  | 450g", "price": "$3.00", "price_calculation": "$0.67 per 100g", "category": "Bakery"},
{"title": "Latina Fresh Creamy Carbonara Pasta Sauce | 425g", "price": "$6.50", "price_calculation": "$1.53 per 100g", "category": "Dairy, Eggs & Fridge"},
{"title": "Coles Organic Beef Rump Steak | 400g", "price": "$15.00", "price_calculation": "$37.50 per 1kg", "category": "Meat & Seafood"},
{"title": "Only Organic Free Range Chicken Mango & Coconut Rice 10+ Months | 170g", "price": "$2.90", "price_calculation": "$1.71 per 100g", "category": "Baby"},
{"title": "Nexba Nootropics Focus Passionfruit | 330mL", "price": "$2.50", "price_calculation": "$7.58 per 1L", "category": "Drinks"},
{"title": "Coles Organic Avocados | 1 each", "price": "$4.00", "price_calculation": "$4.00 per 1ea", "category": "Fruit & Vegetables"},
{"title": "I&J The Finest Frozen Prawns Cooked & Peeled Tail Off | 500g", "price": "$19.00", "price_calculation": "$38.00 per 1kg", "category": "Frozen"},
{"title": "Coles Country Loaf White | 750g", "price": "$3.90", "price_calculation": "$0.52 per 100g", "category": "Bakery"},
{"title": "Latina Fresh Italian Tomato & Garlic Pasta Sauce | 425g", "price": "$6.50", "price_calculation": "$1.53 per 100g", "category": "Dairy, Eggs & Fridge"},
{"title": "Cleaver's Lamb Butterfly Leg Roast Gluten Free Organic & Free Range Oregano & Mint                                                        | approx 1kg", "price": "$36.50", "price_calculation": "$36.50 per 1kg", "category": "Meat & Seafood"},
{"title": "Baby Bellies Organic Banana Softcorn | 30g", "price": "$4.75", "price_calculation": "$15.83 per 100g", "category": "Baby"},
{"title": "Daily Juice Green Blend + Protein | 300mL", "price": "$2.50", "price_calculation": "$8.33 per 1L", "category": "Drinks"},
{"title": "Coles Kitchen Mixed Asian Vegetables Stir Fry | 300g", "price": "$4.50", "price_calculation": "$15.00 per 1kg", "category": "Fruit & Vegetables"},
{"title": "Bulla Chupa Chups Mixed Mini Sticks | 400mL", "price": "$4.00", "price_calculation": "$1.00 per 100mL", "category": "Frozen"},
{"title": "Mission Pita Pocket Original | 420g", "price": "$4.40", "price_calculation": "$1.05 per 100g", "category": "Bakery"},
{"title": "Latina Fresh Ricotta & Spinach Agnolotti | 625g", "price": "$8.50", "price_calculation": "$1.36 per 100g", "category": "Dairy, Eggs & Fridge"},
{"title": "Coles Deli Thawed Prawn Skewers Chili & Lime | 1 each", "price": "$1.25", "price_calculation": "$1.25 per 1ea", "category": "Meat & Seafood"},
{"title": "Little Bellies Organic Cocoa & Vanilla 123's Biscuits | 130g", "price": "$4.75", "price_calculation": "$3.65 per 100g", "category": "Baby"},
{"title": "Daily Juice Mango Juice Blend + Protein | 300mL", "price": "$2.50", "price_calculation": "$8.33 per 1L", "category": "Drinks"},
{"title": "Coles Kitchen Chicken Style Soup Mix Kit | 450g", "price": "$6.00", "price_calculation": "$13.33 per 1kg", "category": "Fruit & Vegetables"},
{"title": "Coles Chocolate Bavarian | 450g", "price": "$4.30", "price_calculation": "$0.96 per 100g", "category": "Frozen"},
{"title": "Simson's Pantry Low Carb Spinach And Herb 5 pack | 210g", "price": "$4.50", "price_calculation": "$2.14 per 100g", "category": "Bakery"},
{"title": "Latina Fresh Roast Chicken & Garlic Ravioli | 625g", "price": "$8.50", "price_calculation": "$1.36 per 100g", "category": "Dairy, Eggs & Fridge"},
{"title": "Coles Deli Thawed Prawn Skewers Sweet Chilli | 5 pack", "price": "$6.25", "price_calculation": "$1.25 per 1ea", "category": "Meat & Seafood"},
{"title": "CUB Baby Wash Head To Toe | 500mL", "price": "$5.00", "price_calculation": "$1.00 per 100mL", "category": "Baby"},
{"title": "Golden Circle Fruit Drink Pineapple And Orange | 1L", "price": "$2.60", "price_calculation": "$2.60 per 1L", "category": "Drinks"},
{"title": "Coles Mediterranean Style Salad Bowl | 185g", "price": "$6.50", "price_calculation": "$35.14 per 1kg", "category": "Fruit & Vegetables"},
{"title": "On The Menu Frozen Chicken Fillet Burger  | 165g", "price": "$4.50", "price_calculation": "$2.73 per 100g", "category": "Frozen"},
{"title": "Helga's Prebiotic Ancient Grains Seed Loaf | 700g", "price": "$5.50", "price_calculation": "$0.79 per 100g", "category": "Bakery"},
{"title": "Latina Fresh Beef Bolognese | 425g", "price": "$6.50", "price_calculation": "$1.53 per 100g", "category": "Dairy, Eggs & Fridge"},
{"title": "Sunfed Chicken Free Chicken Wild Meaty Chunks | 300g", "price": "$11.00", "price_calculation": "$36.67 per 1kg", "category": "Meat & Seafood"},
{"title": "Jordan Baby Toothbrush 0-2 years | 1 each", "price": "$5.50", "price_calculation": "$5.50 per 1ea", "category": "Baby"},
{"title": "Higher Living Organic Tea Ginger Kick | 15 pack", "price": "$3.50", "price_calculation": "$0.23 per 1ea", "category": "Drinks"},
{"title": "Coles Kitchen Asian Chicken Salad Bowl | 200g", "price": "$6.50", "price_calculation": "$32.50 per 1kg", "category": "Fruit & Vegetables"},
{"title": "Peters Gluten Free Original Rainbow Ice Cream Tub | 2L", "price": "$5.50", "price_calculation": "$0.28 per 100mL", "category": "Frozen"},
{"title": "Coles Vanilla Mini Cupcakes 9 Pack | 216g", "price": "$6.00", "price_calculation": "$2.78 per 100g", "category": "Bakery"},
{"title": "Coles Full Cream Milk | 2L", "price": "$3.10", "price_calculation": "$1.55 per 1L", "category": "Dairy, Eggs & Fridge"},
{"title": "Coles One Pot Beef Bourguignon | 500g", "price": "$11.00", "price_calculation": "$22.00 per 1kg", "category": "Meat & Seafood"},
{"title": "Mighty Bellies Brown Rice Crispy Bars Vanilla | 6 pack", "price": "$6.25", "price_calculation": "$1.04 per 1ea", "category": "Baby"},
{"title": "Jarrah Hot Dark Chocolate | 8 pack", "price": "$3.50", "price_calculation": "$0.44 per 1ea", "category": "Drinks"},
{"title": "Coles Watermelon Seedless Whole | approx 8kg", "price": "$23.20", "price_calculation": "$2.90 per 1kg", "category": "Fruit & Vegetables"},
{"title": "Birds Eye Frozen Farmhouse Seasoned Sides | 600g", "price": "$5.60", "price_calculation": "$9.33 per 1kg", "category": "Frozen"},
{"title": "Coles Muffin Choc Chip | 1 each", "price": "$1.65", "price_calculation": "$1.65 per 1ea", "category": "Bakery"},
{"title": "Coles Eggs Free Range 12 Pack | 700g", "price": "$5.20", "price_calculation": "$0.74 per 100g", "category": "Dairy, Eggs & Fridge"},
{"title": "Coles Organic Beef Porterhouse Steak | 300g", "price": "$16.00", "price_calculation": "$53.34 per 1kg", "category": "Meat & Seafood"},
{"title": "Johnson's Baby Oil | 200mL", "price": "$6.50", "price_calculation": "$3.25 per 100mL", "category": "Baby"},
{"title": "Ara Select Blocks Zero Rose | 750mL", "price": "$3.50", "price_calculation": "$4.67 per 1L", "category": "Drinks"},
{"title": "Coles Peanut Butter Pretzels | approx 100g", "price": "$2.50", "price_calculation": "$25.00 per 1kg", "category": "Fruit & Vegetables"},
{"title": "Lean Cuisine Spaghetti Bolognese | 280g", "price": "$5.60", "price_calculation": "$2.00 per 100g", "category": "Frozen"},
{"title": "Cadbury Caramel Cake Bars | 105g", "price": "$3.00", "price_calculation": "$2.86 per 100g", "category": "Bakery"},
{"title": "Betty Crocker Creamy Deluxe Milk Chocolate Frosting | 400g", "price": "$4.50", "price_calculation": "$1.13 per 100g", "category": "Dairy, Eggs & Fridge"},
{"title": "Coles Made Easy Slow Cooked Lamb Shoulder In Tandoori Sauce | approx 800g", "price": "$19.20", "price_calculation": "$24.00 per 1kg", "category": "Meat & Seafood"},
{"title": "Golden Circle Refreshers Cool Crush Flavoured Water Drink 250mL | 6 pack", "price": "$3.50", "price_calculation": "$2.33 per 1L", "category": "Drinks"},
{"title": "Coles Chocolate Coconut Rough | approx 100g", "price": "$3.00", "price_calculation": "$30.00 per 1kg", "category": "Fruit & Vegetables"},
{"title": "Lean Cuisine Satay Chicken Noodles | 280g", "price": "$5.60", "price_calculation": "$2.00 per 100g", "category": "Frozen"},
{"title": "Helga's Turkish Loaf | 450g", "price": "$3.00", "price_calculation": "$0.67 per 100g", "category": "Bakery"},
{"title": "Coles Lite Reduced Fat | 2L", "price": "$3.10", "price_calculation": "$1.55 per 1L", "category": "Dairy, Eggs & Fridge"},
{"title": "Coles Beef Mini Rump Roast No Added Hormone                                               | approx 700g", "price": "$21.70", "price_calculation": "$31.00 per 1kg", "category": "Meat & Seafood"},
{"title": "Daily Juice Green Blend Folate | 1L", "price": "$3.80", "price_calculation": "$3.80 per 1L", "category": "Drinks"},
{"title": "Coles Kitchen Super Green Slaw | 300g", "price": "$4.00", "price_calculation": "$13.33 per 1kg", "category": "Fruit & Vegetables"},
{"title": "Coles Plant Based Cheesy Cauliflower Pies 2 pack | 400g", "price": "$5.60", "price_calculation": "$1.40 per 100g", "category": "Frozen"},
{"title": "Buttercup Country Split White Bread | 450g", "price": "$4.00", "price_calculation": "$0.89 per 100g", "category": "Bakery"},
{"title": "Coles Cage Free Eggs 12 Pack | 700g", "price": "$4.60", "price_calculation": "$0.66 per 100g", "category": "Dairy, Eggs & Fridge"},
{"title": "Coles Deli Thawed Australian Cooked Black Tiger Prawns Extra Large | approx 250g", "price": "$9.00", "price_calculation": "$36.00 per 1kg", "category": "Meat & Seafood"},
{"title": "Coles Urban Coffee Culture Capsules Medium Intensity Aluminium | 10 pack", "price": "$4.00", "price_calculation": "$0.40 per 1ea", "category": "Drinks"},
{"title": "Coles Kitchen Classic Slaw Salad Family Kit | 300g", "price": "$4.50", "price_calculation": "$15.00 per 1kg", "category": "Fruit & Vegetables"},
{"title": "Grandma's Yum Cha Selection | 420g", "price": "$6.00", "price_calculation": "$1.43 per 100g", "category": "Frozen"},
{"title": "Helgas 50% Lower Carb Wholemeal & Seed Loaf | 700g", "price": "$4.50", "price_calculation": "$0.64 per 100g", "category": "Bakery"},
{"title": "Primo Short Cut Bacon | approx 250g", "price": "$3.75", "price_calculation": "$15.00 per 1kg", "category": "Dairy, Eggs & Fridge"},
{"title": "Coles Carb Neutral Beef Rib Eye Roast | approx 1.3kg", "price": "$52.00", "price_calculation": "$40.00 per 1kg", "category": "Meat & Seafood"},
{"title": "Lo Bros Kombucha Raspberry & Blackcurrant | 330mL", "price": "$4.00", "price_calculation": "$12.12 per 1L", "category": "Drinks"},
{"title": "Coles Kitchen Thai Style Salad Kit | 315g", "price": "$5.50", "price_calculation": "$17.46 per 1kg", "category": "Fruit & Vegetables"},
{"title": "Coles Frozen Fruit Blackberries | 500g", "price": "$6.20", "price_calculation": "$12.40 per 1kg", "category": "Frozen"},
{"title": "Helgas Wholemeal Sourdough Bread | 750g", "price": "$4.90", "price_calculation": "$0.65 per 100g", "category": "Bakery"},
{"title": "Coles Lite Reduced Fat Milk | 3L", "price": "$4.50", "price_calculation": "$1.50 per 1L", "category": "Dairy, Eggs & Fridge"},
{"title": "Cleaver's Lamb Loin Organic & Free Range Boneless                                                                                         | approx 260g", "price": "$14.82", "price_calculation": "$57.00 per 1kg", "category": "Meat & Seafood"},
{"title": "St Remio Coffee Expressi/Caffitaly Supreme Capsules | 10 Pack", "price": "$4.10", "price_calculation": "$0.41 per 1ea", "category": "Drinks"},
{"title": "Coles Organic White Mushroom | 180g", "price": "$6.30", "price_calculation": "$35.00 per 1kg", "category": "Fruit & Vegetables"},
{"title": "Coles Crumbed Prawn Cutlets | 360g", "price": "$6.40", "price_calculation": "$17.78 per 1kg", "category": "Frozen"},
{"title": "Mr Brownie Chocolate Brownie | 200g", "price": "$5.00", "price_calculation": "$2.50 per 100g", "category": "Bakery"},
{"title": "Coles Dairy Full Cream Milk | 1L", "price": "$1.60", "price_calculation": "$1.60 per 1L", "category": "Dairy, Eggs & Fridge"},
{"title": "V2 Sausage Sage & Thyme Plant Based 6 Pack | 390g", "price": "$9.50", "price_calculation": "$24.36 per 1kg", "category": "Meat & Seafood"},
{"title": "Campbell's V8 Tropical Juice Multipack 250mL | 3 pack", "price": "$4.10", "price_calculation": "$5.47 per 1L", "category": "Drinks"},
{"title": "Coles Sliced Mushrooms Medley | 250g", "price": "$7.90", "price_calculation": "$31.60 per 1kg", "category": "Fruit & Vegetables"},
{"title": "Cremorne Creamery Cookies & Cream | 1L", "price": "$6.50", "price_calculation": "$0.65 per 100mL", "category": "Frozen"},
{"title": "Mr Kipling Unicorn Fancies 8 Pack | 205g", "price": "$3.25", "price_calculation": "$1.59 per 100g", "category": "Bakery"},
{"title": "Vogel's Hazelnut Honey And Cinnamon Crunchy Clusters | 450g", "price": "$5.50", "price_calculation": "$1.22 per 100g", "category": "Dairy, Eggs & Fridge"},
{"title": "Coles Made Easy Chicken Parmigiana | 450g", "price": null, "price_calculation": null, "category": "Meat & Seafood"},
{"title": "Twinings Live Well Probiotic Blend Tea Bags | 18 pack", "price": "$4.25", "price_calculation": "$0.24 per 1ea", "category": "Drinks"},
{"title": "Coles Australian Pecans Nut | 400g", "price": "$12.00", "price_calculation": "$30.00 per 1kg", "category": "Fruit & Vegetables"},
{"title": "I&J Beer Battered Fish Fillets | 425g", "price": "$6.50", "price_calculation": "$15.29 per 1kg", "category": "Frozen"},
{"title": "Coles Happy Gut White | 700g", "price": "$3.30", "price_calculation": "$0.47 per 100g", "category": "Bakery"},
{"title": "A2 Dairy Full Cream Milk | 2L", "price": "$6.60", "price_calculation": "$3.30 per 1L", "category": "Dairy, Eggs & Fridge"},
{"title": "Always Fresh French Duck Fat Spread | 200g", "price": "$12.00", "price_calculation": "$60.00 per 1kg", "category": "Meat & Seafood"},
{"title": "Dilmah Pure Ceylon Green Tea Bags 20 pack | 40g", "price": "$4.30", "price_calculation": "$0.22 per 1ea", "category": "Drinks"},
{"title": "Coles Dried Dates | approx 100g", "price": "$2.50", "price_calculation": "$25.00 per 1kg", "category": "Fruit & Vegetables"},
{"title": "On The Menu Frozen Beer Battered Fish & Chips | 320g", "price": "$7.00", "price_calculation": "$2.19 per 100g", "category": "Frozen"},
{"title": "Herman Brot Complete Complete Protein Buns 2 pack | 120g", "price": "$3.65", "price_calculation": "$3.04 per 100g", "category": "Bakery"},
{"title": "Coles Australian Full Cream Long Life Milk | 1L", "price": "$1.60", "price_calculation": "$1.60 per 1L", "category": "Dairy, Eggs & Fridge"},
{"title": "Steggles Turkey Breast Roast | 1kg", "price": "$18.00", "price_calculation": "$18.00 per 1kg", "category": "Meat & Seafood"},
{"title": "Avalanche Flat White 99% Sugar Free Coffee Sachets | 10 pack", "price": "$4.40", "price_calculation": "$0.44 per 1ea", "category": "Drinks"},
{"title": "Gourmet Garden Ginger Cold Blended Paste | 80g", "price": "$4.00", "price_calculation": "$0.50 per 10g", "category": "Fruit & Vegetables"},
{"title": "On The Menu Beef Rissoles Plated Meals | 320g", "price": "$7.00", "price_calculation": "$2.19 per 100g", "category": "Frozen"},
{"title": "Coles Hot Dog Rolls | 6 pack", "price": "$3.70", "price_calculation": "$0.62 per 1ea", "category": "Bakery"},
{"title": "Coles Eggs Free Range 12 pack | 600g", "price": "$4.80", "price_calculation": "$0.80 per 100g", "category": "Dairy, Eggs & Fridge"},
{"title": "Bertocchi Yearling Corned Beef | approx667g", "price": "$13.34", "price_calculation": "$20.00 per 1kg", "category": "Meat & Seafood"},
{"title": "Coles Baby Spinach | 60g", "price": "$2.00", "price_calculation": "$33.34 per 1kg", "category": "Fruit & Vegetables"},
{"title": "Shine Brighter Peach Passionfruit Drink | 330mL", "price": "$4.40", "price_calculation": "$13.33 per 1L", "category": "Drinks"},
{"title": "Gourmet Garden Lemongrass Cold Blended Paste | 80g", "price": "$4.00", "price_calculation": "$0.50 per 10g", "category": "Fruit & Vegetables"},
{"title": "Borg's Gozleme Lamb & Spinach | 300g", "price": "$7.00", "price_calculation": "$2.33 per 100g", "category": "Frozen"},
{"title": "Simson's Pantry Lite Super Grains Wraps 5pack | 210g", "price": "$4.50", "price_calculation": "$2.14 per 100g", "category": "Bakery"},
{"title": "Primo Australian Short Cut Bacon | 200g", "price": "$7.00", "price_calculation": "$35.00 per 1kg", "category": "Dairy, Eggs & Fridge"},
{"title": "Richmond Valley Veal Scotch Fillet Steak | aprox. 270g", "price": "$13.77", "price_calculation": "$51.00 per 1kg", "category": "Meat & Seafood"},
{"title": "Coles Kent Pumpkin Cut | approx 900g", "price": "$2.70", "price_calculation": "$3.00 per 1kg", "category": "Fruit & Vegetables"},
{"title": "Red Seal Raspberry & Strawberry Hot Or Cold Brew Tea Bags | 20 pack", "price": "$4.50", "price_calculation": "$0.23 per 1ea", "category": "Drinks"},
{"title": "Coles Garlic Paste | 140g", "price": "$4.50", "price_calculation": "$0.32 per 10g", "category": "Fruit & Vegetables"},
{"title": "Meet Tenders | 250g", "price": "$7.00", "price_calculation": "$2.80 per 100g", "category": "Frozen"},
{"title": "Vitality Ryegrid Sourdough | 700g", "price": "$5.50", "price_calculation": "$0.79 per 100g", "category": "Bakery"},
{"title": "Western Star Traditional Spreadable Butter Blend | 500g", "price": "$6.00", "price_calculation": "$1.20 per 100g", "category": "Dairy, Eggs & Fridge"},
{"title": "Coles Ham Hock Meat | 500g", "price": "$10.00", "price_calculation": "$20.00 per 1kg", "category": "Meat & Seafood"},
{"title": "Coles Baby Cos Lettuce | 2 pack", "price": "$3.50", "price_calculation": "$1.75 per 1ea", "category": "Fruit & Vegetables"},
{"title": "Bickford's Diet Lime Cordial | 750mL", "price": "$4.50", "price_calculation": "$6.00 per 1L", "category": "Drinks"},
{"title": "Coles Kitchen Diced Vegetable Medley | 450g", "price": "$5.00", "price_calculation": "$11.11 per 1kg", "category": "Fruit & Vegetables"},
{"title": "Meet Strips | 250g", "price": "$7.00", "price_calculation": "$2.80 per 100g", "category": "Frozen"},
{"title": "Helga's Gluten Free Mixed Grain Bread | 500g", "price": "$7.50", "price_calculation": "$1.50 per 100g", "category": "Bakery"},
{"title": "Coles Jumbo Free Range Eggs 12 Pack | 800g", "price": "$5.80", "price_calculation": "$0.73 per 100g", "category": "Dairy, Eggs & Fridge"},
{"title": "Drovers Choice Bulk Corned Silverside | approx 3.2kg", "price": "$32.00", "price_calculation": "$10.00 per 1kg", "category": "Meat & Seafood"},
{"title": "Fresh Granny Smith Medium Apples | approx 170g", "price": "$0.77", "price_calculation": "$4.50 per 1kg", "category": "Fruit & Vegetables"},
{"title": "Vittoria Latte Nespresso Compatible Coffee Capsules | 10 pack", "price": "$4.50", "price_calculation": "$0.45 per 1ea", "category": "Drinks"},
{"title": "Coles Kitchen Creamy Ranch Salad Bowl | 220g", "price": "$5.50", "price_calculation": "$25.00 per 1kg", "category": "Fruit & Vegetables"},
{"title": "Birds Eye Deli Roast Vegetables  | 600g", "price": "$7.00", "price_calculation": "$11.67 per 1kg", "category": "Frozen"},
{"title": "Coles Bakery White Cobb | 1 each", "price": "$3.00", "price_calculation": "$3.00 per 1ea", "category": "Bakery"},
{"title": "Coles Thickened Cream | 600mL", "price": "$4.50", "price_calculation": "$0.75 per 100mL", "category": "Dairy, Eggs & Fridge"},
{"title": "Pacific West Cooked Barramundi Natural With Virgin Olive Oil | 170g", "price": "$11.50", "price_calculation": "$67.65 per 1kg", "category": "Meat & Seafood"},
{"title": "Coles Celery | 1 bunch", "price": "$3.00", "price_calculation": "$3.00 per 1ea", "category": "Fruit & Vegetables"},
{"title": "Coles Organic Ginger | 150g", "price": "$8.50", "price_calculation": "$56.67 per 1kg", "category": "Fruit & Vegetables"},
{"title": "Cadbury Caramilk Mousse Cake | 450g", "price": "$7.00", "price_calculation": "$1.56 per 100g", "category": "Frozen"},
{"title": "Coles Dreams Crumb True  Chocolate- Caramel & Fudge Cookies | 4 pack", "price": "$5.00", "price_calculation": "$1.25 per 1ea", "category": "Bakery"},
{"title": "Sara Lee Frozen Sticky Date Pudding | 475g", "price": "$4.00", "price_calculation": "$0.84 per 100g", "category": "Dairy, Eggs & Fridge"},
{"title": "Huon Premium Tasmanian Wood Roasted Salmon Blackened Spice | 150g", "price": "$12.00", "price_calculation": "$80.01 per 1kg", "category": "Meat & Seafood"},
{"title": "Coles Garlic loose | approx 60g", "price": "$1.74", "price_calculation": "$29.00 per 1kg", "category": "Fruit & Vegetables"},
{"title": "Coles Roasted And Salted Peanuts And Cashews | 800g", "price": "$9.00", "price_calculation": "$11.25 per 1kg", "category": "Fruit & Vegetables"},
{"title": "Magnum Berry & White Chocolate Remix Ice Cream 4 Pack | 360mL", "price": "$8.00", "price_calculation": "$2.22 per 100mL", "category": "Frozen"},
{"title": "Mr Brownie Blondie | 200g", "price": "$5.00", "price_calculation": "$2.50 per 100g", "category": "Bakery"},
{"title": "Coles Garlic Bread Twin Pack | 450g", "price": "$2.30", "price_calculation": "$0.51 per 100g", "category": "Dairy, Eggs & Fridge"},
{"title": "KB's Deli Thawed MSC WA Cooked Rock Lobster | 1 each", "price": "$27.00", "price_calculation": "$27.00 per 1ea", "category": "Meat & Seafood"},
{"title": "Coles Creme Royale Brushed Potatoes loose | approx 200g", "price": "$0.70", "price_calculation": "$3.50 per 1kg", "category": "Fruit & Vegetables"},
{"title": "Charlotte'S Bakery Slow Cooked Steak & Mushroom Pies 2 Pack | 400g", "price": "$8.20", "price_calculation": "$2.05 per 100g", "category": "Frozen"},
{"title": "Coles 85% Lower Carb High Protein Loaf | 500g", "price": "$5.40", "price_calculation": "$1.08 per 100g", "category": "Bakery"},
{"title": "Coles Thickened Cream | 300mL", "price": "$2.80", "price_calculation": "$0.93 per 100mL", "category": "Dairy, Eggs & Fridge"},
{"title": "K-Roo Kangaroo Medallions | approx 450g", "price": "$18.90", "price_calculation": "$42.00 per 1kg", "category": "Meat & Seafood"},
{"title": "Coles Strawberries Premium | 350g", "price": "$8.90", "price_calculation": "$25.43 per 1kg", "category": "Fruit & Vegetables"},
{"title": "Mission Wraps Low Gi Wholemeal 6 Pack | 425g", "price": "$5.50", "price_calculation": "$1.29 per 100g", "category": "Bakery"},
{"title": "Pampas Frozen Puff Pastry Sheets 6 pieces | 1kg", "price": "$5.20", "price_calculation": "$0.52 per 100g", "category": "Dairy, Eggs & Fridge"},
{"title": "Coles RSPCA Approved Chicken Burgers Plain Crumb | 400g", "price": "$6.50", "price_calculation": "$16.25 per 1kg", "category": "Meat & Seafood"},
{"title": "Coles Kids Pack Bananas | 750g", "price": "$4.00", "price_calculation": "$5.33 per 1kg", "category": "Fruit & Vegetables"},
{"title": "Mission Whole Wheat Mini Wraps 8 pack | 384g", "price": "$5.50", "price_calculation": "$1.43 per 100g", "category": "Bakery"},
{"title": "Pura Multi Nutrient Full Cream Milk | 2L", "price": "$4.10", "price_calculation": "$2.05 per 1L", "category": "Dairy, Eggs & Fridge"},
{"title": "Coles Lamb Bones | approx 1kg", "price": "$7.00", "price_calculation": "$7.00 per 1kg", "category": "Meat & Seafood"},
{"title": "Coles Green Asparagus | 1 each", "price": "$3.50", "price_calculation": "$3.50 per 1ea", "category": "Fruit & Vegetables"},
{"title": "Yakult Gluten Free Fermented Milk Drink 10 pack | 65mL", "price": "$7.70", "price_calculation": "$11.85 per 1L", "category": "Dairy, Eggs & Fridge"},
{"title": "Coles Whole Pork Leg Easy Carve Roast | approx 5kg", "price": "$55.00", "price_calculation": "$11.00 per 1kg", "category": "Meat & Seafood"},
{"title": "Coles Sweet Corn | 1 each", "price": "$1.50", "price_calculation": "$1.50 per 1ea", "category": "Fruit & Vegetables"},
{"title": "Coles Lite Milk Bottle | 1L", "price": "$1.60", "price_calculation": "$1.60 per 1L", "category": "Dairy, Eggs & Fridge"},
{"title": "Pacific West Cooked Barramundi With Crushed Herbs & Garlic | 170g", "price": "$11.50", "price_calculation": "$67.65 per 1kg", "category": "Meat & Seafood"},
{"title": "Coles Leeks | 1 each", "price": "$2.50", "price_calculation": "$2.50 per 1ea", "category": "Fruit & Vegetables"},
{"title": "Farmers Union Greek Style Natural Yoghurt | 1kg", "price": "$6.00", "price_calculation": "$0.60 per 100g", "category": "Dairy, Eggs & Fridge"},
{"title": "The Fishery Australian Saddletail Snapper Portions | 260g", "price": "$12.00", "price_calculation": "$46.15 per 1kg", "category": "Meat & Seafood"},
{"title": "Coles 4 Leaf Salad Mix | 200g", "price": "$2.50", "price_calculation": "$12.50 per 1kg", "category": "Fruit & Vegetables"},
{"title": "A2 Light Milk | 2L", "price": "$6.60", "price_calculation": "$3.30 per 1L", "category": "Dairy, Eggs & Fridge"},
{"title": "D'Orsogna Leg Ham Half | approx 5kg", "price": null, "price_calculation": null, "category": "Meat & Seafood"},
{"title": "Coles Baby Carrots Prepacked | 500g", "price": "$1.20", "price_calculation": "$2.40 per 1kg", "category": "Fruit & Vegetables"},
{"title": "A2 Full Cream Milk | 3L", "price": "$9.80", "price_calculation": "$3.27 per 1L", "category": "Dairy, Eggs & Fridge"},
{"title": "Coles Finest Free Range Triple Smoked Full Leg Ham | approx 5kg", "price": null, "price_calculation": null, "category": "Meat & Seafood"},
{"title": "Coles Cup Mushrooms | 500g", "price": "$7.90", "price_calculation": "$15.80 per 1kg", "category": "Fruit & Vegetables"},
{"title": "Coles Cage Free Eggs 18 Pack | 900g", "price": "$6.70", "price_calculation": "$0.84 per 100g", "category": "Dairy, Eggs & Fridge"},
{"title": "Coles Deli Thawed MSC Cooked Canadian Whole Lobster | 1 each", "price": "$15.00", "price_calculation": "$15.00 per 1ea", "category": "Meat & Seafood"},
{"title": "Coles Half Cauliflower Precut | 1 each", "price": "$1.90", "price_calculation": "$1.90 per 1ea", "category": "Fruit & Vegetables"},
{"title": "Pauls Farmhouse Gold Full Cream Milk | 1.5L", "price": "$4.20", "price_calculation": "$2.80 per 1L", "category": "Dairy, Eggs & Fridge"},
{"title": "Coles Whole Pork Belly Roast Boneless | approx2.5Kg", "price": null, "price_calculation": null, "category": "Meat & Seafood"},
{"title": "Coles Red Royale Potatoes Loose | approx 170g", "price": "$0.77", "price_calculation": "$4.50 per 1kg", "category": "Fruit & Vegetables"},
{"title": "Coles Cheese Shredded Tasty | 700g", "price": "$10.00", "price_calculation": "$14.29 per 1kg", "category": "Dairy, Eggs & Fridge"},
{"title": "Coles Deli Thawed Australian Cooked Black Tiger Prawns Jumbo | approx250g", "price": "$9.75", "price_calculation": "$39.00 per 1kg", "category": "Meat & Seafood"},
{"title": "Coles Pink Lady Apples 1kg | 1 each", "price": "$5.90", "price_calculation": "$5.90 per 1kg", "category": "Fruit & Vegetables"},
{"title": "Sunny Queen Free Range Large Eggs 18 pack | 900g", "price": "$9.90", "price_calculation": "$1.10 per 100g", "category": "Dairy, Eggs & Fridge"},
{"title": "Coles Deli Thawed Basa Fillet 5Kg | 1 each", "price": "$45.00", "price_calculation": "$9.00 per 1kg", "category": "Meat & Seafood"},
{"title": "Coles Ginger loose | approx 120g", "price": "$3.24", "price_calculation": "$27.00 per 1kg", "category": "Fruit & Vegetables"},
{"title": "Devondale Full Cream Milk | 3L", "price": "$5.95", "price_calculation": "$1.98 per 1L", "category": "Dairy, Eggs & Fridge"},
{"title": "Petuna Deli Fresh Salmon Portions Skin On Tray | 2.5kg", "price": "$82.50", "price_calculation": "$33.00 per 1kg", "category": "Meat & Seafood"},
{"title": "Coles Sliced Mushrooms | 200g", "price": "$3.80", "price_calculation": "$19.00 per 1kg", "category": "Fruit & Vegetables"},
{"title": "Coles Greek Style Natural Yoghurt | 1kg", "price": "$4.40", "price_calculation": "$0.44 per 100g", "category": "Dairy, Eggs & Fridge"},
{"title": "Coles Deli Frozen Australian Cooked Black Tiger Prawns Extra Large 3Kg | 1 each", "price": "$108.00", "price_calculation": "$36.00 per 1kg", "category": "Meat & Seafood"},
{"title": "Coles Royal Gala Apples 1Kg | 1 each", "price": "$5.50", "price_calculation": "$5.50 per 1kg", "category": "Fruit & Vegetables"},
{"title": "Pura Full Cream Milk | 3L", "price": "$5.90", "price_calculation": "$1.97 per 1L", "category": "Dairy, Eggs & Fridge"},
{"title": "Coles Sweet Corn Prepacked | 4 pack", "price": null, "price_calculation": null, "category": "Fruit & Vegetables"},
{"title": "Devondale Full Cream Milk | 2L", "price": "$3.95", "price_calculation": "$1.98 per 1L", "category": "Dairy, Eggs & Fridge"},
{"title": "Fresh Purple Eggplant | approx 500g", "price": "$3.95", "price_calculation": "$7.90 per 1kg", "category": "Fruit & Vegetables"},
{"title": "Coles Free Range Eggs 6 Pack | 300g", "price": "$3.50", "price_calculation": "$1.17 per 100g", "category": "Dairy, Eggs & Fridge"},
{"title": "Coles Apples Mini 1kg | 1 each", "price": "$3.00", "price_calculation": "$3.00 per 1kg", "category": "Fruit & Vegetables"},
{"title": "Coles Sour Cream | 300g", "price": "$3.25", "price_calculation": "$1.08 per 100g", "category": "Dairy, Eggs & Fridge"},
{"title": "Coles Navel Oranges | 3kg", "price": "$6.90", "price_calculation": "$2.30 per 1kg", "category": "Fruit & Vegetables"},
{"title": "Western Star Original Salted Butter | 250g", "price": "$4.80", "price_calculation": "$1.92 per 100g", "category": "Dairy, Eggs & Fridge"},
{"title": "Coles Asian Choy Pak | 1 each", "price": "$2.50", "price_calculation": "$2.50 per 1ea", "category": "Fruit & Vegetables"},
{"title": "Devondale Full Cream Long Life Milk | 1L", "price": "$2.20", "price_calculation": "$2.20 per 1L", "category": "Dairy, Eggs & Fridge"},
{"title": "Coles Vine Ripened Tomatoes Prepacked | 500g", "price": "$6.90", "price_calculation": "$13.80 per 1kg", "category": "Fruit & Vegetables"},
{"title": "A2 Full Cream Milk | 1L", "price": "$3.80", "price_calculation": "$3.80 per 1L", "category": "Dairy, Eggs & Fridge"},
{"title": "Coles Garlic Bulb Prepack | 4 pack", "price": "$3.50", "price_calculation": "$31.82 per 1kg", "category": "Fruit & Vegetables"},
{"title": "Bega Dairy Natural Tasty Cheese Slices 30 Pack | 500g", "price": "$10.50", "price_calculation": "$21.00 per 1kg", "category": "Dairy, Eggs & Fridge"},
{"title": "Coles Kanzi Red Apples | approx 180g", "price": "$1.24", "price_calculation": "$6.90 per 1kg", "category": "Fruit & Vegetables"},
{"title": "Great Ocean Road Fresh Full Cream Milk | 2L", "price": "$4.70", "price_calculation": "$2.35 per 1L", "category": "Dairy, Eggs & Fridge"},
{"title": "Coles Bravo Apples | approx 170g", "price": "$0.83", "price_calculation": "$4.90 per 1kg", "category": "Fruit & Vegetables"},
{"title": "Pace Farm Free Range Natural Living Extra Large Eggs 12 pack | 700g", "price": "$7.15", "price_calculation": "$1.02 per 100g", "category": "Dairy, Eggs & Fridge"},
{"title": "Coles Red Cherries Prepacked | 300g", "price": "$8.00", "price_calculation": "$26.67 per 1kg", "category": "Fruit & Vegetables"},
{"title": "Pura Light Start Low Fat Multi Nutrient Milk | 2L", "price": "$4.50", "price_calculation": "$2.25 per 1L", "category": "Dairy, Eggs & Fridge"},
{"title": "Coles Medium Lemons 5 Pack | 1 each", "price": "$4.90", "price_calculation": "$4.90 per 1ea", "category": "Fruit & Vegetables"},
{"title": "Coles Australian Lite Long Life Milk | 1L", "price": "$1.60", "price_calculation": "$1.60 per 1L", "category": "Dairy, Eggs & Fridge"},
{"title": "Coles 4 Leaf Salad Mix | 120g", "price": "$2.00", "price_calculation": "$16.67 per 1kg", "category": "Fruit & Vegetables"},
{"title": "Farmers Union Greek Style Strawberry Yoghurt Pouch | 130g", "price": "$1.20", "price_calculation": "$0.92 per 100g", "category": "Dairy, Eggs & Fridge"},
{"title": "Coles Trimmed Celery Prepacked | 1 each", "price": "$4.50", "price_calculation": "$4.50 per 1ea", "category": "Fruit & Vegetables"},
{"title": "Josh's Rainbow Free Range Eggs 12 Pack | 700g", "price": "$7.90", "price_calculation": "$1.13 per 100g", "category": "Dairy, Eggs & Fridge"},
{"title": "Coles Cup Mushrooms Prepacked | 200g", "price": "$3.80", "price_calculation": "$19.00 per 1kg", "category": "Fruit & Vegetables"},
{"title": "Sunny Queen Free Range Extra Large Eggs 12 pack | 700g", "price": "$7.20", "price_calculation": "$1.03 per 100g", "category": "Dairy, Eggs & Fridge"},
{"title": "Coles Salad Family Baby Spinach | 280g", "price": "$5.00", "price_calculation": "$17.86 per 1kg", "category": "Fruit & Vegetables"},
{"title": "Coles Tasty Cheese Slices 24 Pack | 500g", "price": "$8.60", "price_calculation": "$17.20 per 1kg", "category": "Dairy, Eggs & Fridge"},
{"title": "Coles Rockmelon Whole | 1 each", "price": "$5.90", "price_calculation": "$5.90 per 1ea", "category": "Fruit & Vegetables"},
{"title": "Sanitarium So Good Long Life Regular Soy Milk | 1L", "price": "$2.20", "price_calculation": "$2.20 per 1L", "category": "Dairy, Eggs & Fridge"},
{"title": "Coles I'm Perfect Avocados | 1kg", "price": "$4.50", "price_calculation": "$4.50 per 1kg", "category": "Fruit & Vegetables"},
{"title": "Bulla Thickened Cream | 300mL", "price": "$3.50", "price_calculation": "$1.17 per 100mL", "category": "Dairy, Eggs & Fridge"},
{"title": "Coles Baby Rocket | 60g", "price": "$2.00", "price_calculation": "$33.34 per 1kg", "category": "Fruit & Vegetables"},
{"title": "Coles Mozzarella Shredded Cheese | 700g", "price": "$11.00", "price_calculation": "$15.71 per 1kg", "category": "Dairy, Eggs & Fridge"},
{"title": "Coles Shredded Iceberg Lettuce | 200g", "price": "$2.00", "price_calculation": "$10.00 per 1kg", "category": "Fruit & Vegetables"},
{"title": "Coles Australian Skim Long Life Milk | 1L", "price": "$1.60", "price_calculation": "$1.60 per 1L", "category": "Dairy, Eggs & Fridge"},
{"title": "Coles Specialty White Seedless Grapes Prepacked | 500g", "price": "$6.50", "price_calculation": "$13.00 per 1kg", "category": "Fruit & Vegetables"},
{"title": "Coles I'M Perfect Carrots Prepacked | 1.5kg", "price": "$1.50", "price_calculation": "$1.00 per 1kg", "category": "Fruit & Vegetables"},
{"title": "Coles Half Drumhead Cabbage | 1 each", "price": "$3.90", "price_calculation": "$3.90 per 1ea", "category": "Fruit & Vegetables"},
{"title": "Coles Jumbo Value Pack Baby Spinach | 400g", "price": "$5.80", "price_calculation": "$14.50 per 1kg", "category": "Fruit & Vegetables"},
{"title": "Coles Limes Medium Loose | 1 each", "price": null, "price_calculation": null, "category": "Fruit & Vegetables"},
{"title": "Sunbites Multipack Crackers Mix 12 Pack | 288g", "price": "$5.50", "price_calculation": "$1.91 per 100g", "category": "Pantry"},
{"title": "Nestle KitKat Milk Chocolate Block | 170g", "price": "$2.75", "price_calculation": "$1.62 per 100g", "category": "Pantry"},
{"title": "Nestle Aero Peppermint Chocolate Block | 118g", "price": "$2.75", "price_calculation": "$2.33 per 100g", "category": "Pantry"},
{"title": "Nestle Crunch Chocolate Block | 200g", "price": "$2.75", "price_calculation": "$1.38 per 100g", "category": "Pantry"},
{"title": "Kellogg's Nutri-Grain Protein Breakfast Cereal | 765g", "price": "$7.50", "price_calculation": "$0.98 per 100g", "category": "Pantry"},
{"title": "Maggi 2 Minute Chicken Flavour Noodles 5 Pack | 360g", "price": "$5.00", "price_calculation": "$1.39 per 100g", "category": "Pantry"},
{"title": "Pringles Sour Cream & Onion Potato Chips | 134g", "price": "$2.50", "price_calculation": "$1.87 per 100g", "category": "Pantry"},
{"title": "Pringles Original Salted Stacked Potato Chips | 134g", "price": "$2.50", "price_calculation": "$1.87 per 100g", "category": "Pantry"},
{"title": "Coles Italian Diced Tomatoes | 400g", "price": "$1.10", "price_calculation": "$2.75 per 1kg", "category": "Pantry"},
{"title": "Grainwaves Sour Cream & Chives Wholegrain Chips | 170g", "price": "$2.40", "price_calculation": "$1.41 per 100g", "category": "Pantry"},
{"title": "Arnott's Original Savoy Crackers | 225g", "price": "$3.00", "price_calculation": "$1.33 per 100g", "category": "Pantry"},
{"title": "Sanitarium Weet-Bix Breakfast Cereal | 1.2kg", "price": "$6.00", "price_calculation": "$0.50 per 100g", "category": "Pantry"},
{"title": "Kettle Chilli Potato Chips | 165 gram", "price": "$3.00", "price_calculation": "$1.82 per 100g", "category": "Pantry"},
{"title": "Nestle KitKat Milk Chocolate Bar | 45g", "price": "$2.20", "price_calculation": "$4.89 per 100g", "category": "Pantry"},
{"title": "Indomie Fried Mi Goreng Instant Noodles 5 Pack  | 85g", "price": "$3.95", "price_calculation": "$0.93 per 100g", "category": "Pantry"},
{"title": "Arnott's Shapes Original BBQ Cracker Biscuits | 175g", "price": "$2.75", "price_calculation": "$1.57 per 100g", "category": "Pantry"},
{"title": "Pringles BBQ Stacked Potato Chips | 134g", "price": "$2.50", "price_calculation": "$1.87 per 100g", "category": "Pantry"},
{"title": "Doritos Corn Chips Supreme Cheese Share Pack | 170g", "price": "$3.35", "price_calculation": "$1.97 per 100g", "category": "Pantry"},
{"title": "Coles Ultimate Cookies 40% Chocolate Chip | 400g", "price": "$4.00", "price_calculation": "$1.00 per 100g", "category": "Pantry"},
{"title": "Snickers Chocolate Bar Peanuts Caramel Nougat | 44g", "price": "$2.00", "price_calculation": "$4.55 per 100g", "category": "Pantry"},
{"title": "Maltesers Milk Chocolate Snack & Share Bag | 140g", "price": "$2.50", "price_calculation": "$1.79 per 100g", "category": "Pantry"},
{"title": "Kettle Sea Salt Potato Chips | 165g", "price": "$3.00", "price_calculation": "$1.82 per 100g", "category": "Pantry"},
{"title": "Twisties Cheese | 90g", "price": "$2.70", "price_calculation": "$3.00 per 100g", "category": "Pantry"},
{"title": "Kettle Honey Soy Chicken Potato Chips | 165g", "price": "$3.00", "price_calculation": "$1.82 per 100g", "category": "Pantry"},
{"title": "Mars Chocolate Bar with Nougat & Caramel | 47g", "price": "$2.00", "price_calculation": "$4.26 per 100g", "category": "Pantry"},
{"title": "Coles White Plain Flour | 1Kg", "price": "$1.25", "price_calculation": "$1.25 per 1kg", "category": "Pantry"},
{"title": "Kettle Sea Salt & Vinegar Potato Chips | 165g", "price": "$3.00", "price_calculation": "$1.82 per 100g", "category": "Pantry"},
{"title": "Arnott's Salada Original Crispbread | 250g", "price": "$3.00", "price_calculation": "$1.20 per 100g", "category": "Pantry"},
{"title": "Campbell's Real Stock Chicken Stock Salt Reduced | 1L", "price": "$2.25", "price_calculation": "$0.23 per 100mL", "category": "Pantry"},
{"title": "Coles Italian Passata Sauce | 700g", "price": "$1.55", "price_calculation": "$0.22 per 100g", "category": "Pantry"},
{"title": "Coles White Sugar | 2kg", "price": "$2.20", "price_calculation": "$0.11 per 100g", "category": "Pantry"},
{"title": "Oreo Original Cookies | 133g", "price": "$1.75", "price_calculation": "$1.32 per 100g", "category": "Pantry"},
{"title": "Red Rock Deli Potato Chips Sweet Chilli And Sour Cream | 165g", "price": "$6.30", "price_calculation": "$3.82 per 100g", "category": "Pantry"},
{"title": "Kinder Bueno Chocolate Bar | 43g", "price": "$1.00", "price_calculation": "$2.33 per 100g", "category": "Pantry"},
{"title": "Coles Chick Peas | 420g", "price": "$1.00", "price_calculation": "$2.38 per 1kg", "category": "Pantry"},
{"title": "Kettle Sweet Chilli & Sour Cream Potato Chips | 165 gram", "price": "$3.00", "price_calculation": "$1.82 per 100g", "category": "Pantry"},
{"title": "Arnott's Scotch Finger Biscuits | 250g", "price": "$3.30", "price_calculation": "$1.32 per 100g", "category": "Pantry"},
{"title": "Ritz Original Crackers | 227g", "price": "$2.80", "price_calculation": "$1.23 per 100g", "category": "Pantry"},
{"title": "Bega Smooth Peanut Butter | 780g", "price": "$7.50", "price_calculation": "$0.96 per 100g", "category": "Pantry"},
{"title": "Kellogg's Coco Pops Chocolatey Breakfast Cereal | 650g", "price": "$7.50", "price_calculation": "$1.15 per 100g", "category": "Pantry"},
{"title": "Coles Beans 4 Bean Mix | 420g", "price": "$1.00", "price_calculation": "$2.38 per 1kg", "category": "Pantry"},
{"title": "SPC Canned Baked Beans | 425g", "price": "$1.10", "price_calculation": "$2.59 per 1kg", "category": "Pantry"},
{"title": "Coles Corn Kernels - NAS | 420g", "price": "$1.10", "price_calculation": "$2.62 per 1kg", "category": "Pantry"},
{"title": "Coles Microwave Jasmine Rice | 250g", "price": "$1.75", "price_calculation": "$0.70 per 100g", "category": "Pantry"},
{"title": "Cadbury Soft Biscuit Choc Centre | 156g", "price": "$2.00", "price_calculation": "$1.28 per 100g", "category": "Pantry"},
{"title": "Continental Cup A Soup Asian Laksa Serves 2 | 65g", "price": "$2.80", "price_calculation": "$4.31 per 100g", "category": "Pantry"},
{"title": "Sanitarium Weet Bix | 375g", "price": "$3.50", "price_calculation": "$0.93 per 100g", "category": "Pantry"},
{"title": "Parker's Baked Pretzels Wheat Original | 200g", "price": "$3.50", "price_calculation": "$1.75 per 100g", "category": "Pantry"},
{"title": "Lotus Biscoff Biscuits | 250g", "price": "$4.50", "price_calculation": "$1.80 per 100g", "category": "Pantry"},
{"title": "Coles Jumbo Cashews Salted | 200g", "price": "$5.00", "price_calculation": "$25.00 per 1kg", "category": "Pantry"},
{"title": "Red Rock Deli Honey Soy Chicken Party Bag Potato Chips | 290g", "price": "$6.00", "price_calculation": "$2.07 per 100g", "category": "Pantry"},
{"title": "Coles Lemon Juice | 250mL", "price": "$1.00", "price_calculation": "$0.04 per 10mL", "category": "Pantry"},
{"title": "Twining's Pure Peppermint Infusions Tea Bags | 10 Pack", "price": "$1.50", "price_calculation": "$0.15 per 1ea", "category": "Pantry"},
{"title": "Oreo Chocolate Cookies | 133g", "price": "$1.75", "price_calculation": "$1.32 per 100g", "category": "Pantry"},
{"title": "Zafarelli Lisio Piccolo Pasta No 40  | 500g", "price": "$1.85", "price_calculation": "$0.37 per 100g", "category": "Pantry"},
{"title": "Coles Jasmine Rice | 2kg", "price": "$5.50", "price_calculation": "$0.28 per 100g", "category": "Pantry"},
{"title": "Maltesers Milk Chocolate Snack Party Bag | 280g", "price": "$6.00", "price_calculation": "$2.14 per 100g", "category": "Pantry"},
{"title": "Alfa One Pure Rice Bran Oil | 3L", "price": "$17.00", "price_calculation": "$0.57 per 100mL", "category": "Pantry"},
{"title": "Coles Tuna Chunks in Olive Oil Blend | 95g", "price": "$1.10", "price_calculation": "$11.58 per 1kg", "category": "Pantry"},
{"title": "Coles Pineapple Pieces in Syrup | 425g", "price": "$1.65", "price_calculation": "$3.88 per 1kg", "category": "Pantry"},
{"title": "Mcvities Digestives Biscuits Dark Chocolate | 266g", "price": "$3.30", "price_calculation": "$1.24 per 100g", "category": "Pantry"},
{"title": "Pringles Minis Multi Pack Original 5 Pack | 95g", "price": "$4.00", "price_calculation": "$4.21 per 100g", "category": "Pantry"},
{"title": "Snickers Chocolate Party Share Bag 12 Pieces | 180g", "price": "$5.00", "price_calculation": "$2.78 per 100g", "category": "Pantry"},
{"title": "Top 20 Variety Potato Chips 20 pack | 375g", "price": "$7.50", "price_calculation": "$2.00 per 100g", "category": "Pantry"},
{"title": "Cadbury Dairy Milk Caramello Koala Chocolate Bar | 35g", "price": "$1.00", "price_calculation": "$2.86 per 100g", "category": "Pantry"},
{"title": "Green's Pancake Shake Mix Buttermilk | 325g", "price": "$2.10", "price_calculation": "$0.65 per 100g", "category": "Pantry"},
{"title": "Coles Canola Oil Cooking Spray | 400g", "price": "$2.50", "price_calculation": "$0.63 per 100g", "category": "Pantry"},
{"title": "Doritos Corn Chips Kingpin Burger | 150g", "price": "$3.35", "price_calculation": "$2.23 per 100g", "category": "Pantry"},
{"title": "The Natural Confectionery Co. Sour Squirms Lollies | 220g", "price": "$4.00", "price_calculation": "$1.82 per 100g", "category": "Pantry"},
{"title": "Annalisa Chickpeas | 400g", "price": "$1.90", "price_calculation": "$4.75 per 1kg", "category": "Pantry"},
{"title": "Coles Chicken Instant Noodles 5x85g | 425g", "price": "$2.00", "price_calculation": "$0.47 per 100g", "category": "Pantry"},
{"title": "Nestle Chokito Block Chocolate | 170g", "price": "$2.75", "price_calculation": "$1.62 per 100g", "category": "Pantry"},
{"title": "Allen's Lollies Killer Pythons | 192g", "price": "$3.00", "price_calculation": "$1.56 per 100g", "category": "Pantry"},
{"title": "Coles Pepitas | 250g", "price": "$3.00", "price_calculation": "$12.00 per 1kg", "category": "Pantry"},
{"title": "Coles Special Burger Sauce | 360g", "price": "$3.20", "price_calculation": "$0.89 per 100g", "category": "Pantry"},
{"title": "Haribo Goldbears | 150g", "price": "$3.50", "price_calculation": "$2.33 per 100g", "category": "Pantry"},
{"title": "Coles New York Style Baked Cheesecake Slice 2 Pack | 220g", "price": "$5.50", "price_calculation": "$2.50 per 100g", "category": "Bakery"},
{"title": "Coles Bakery Stone Baked Mini White Pane Di Casa | 1 each", "price": "$2.50", "price_calculation": "$2.50 per 1ea", "category": "Bakery"},
{"title": "Five:AM Organic Natural Yoghurt | 700g", "price": "$7.00", "price_calculation": "$1.00 per 100g", "category": "Dairy, Eggs & Fridge"},
{"title": "Lilydale Free Range Chicken Mince | 500g", "price": "$10.50", "price_calculation": "$21.00 per 1kg", "category": "Meat & Seafood"},
{"title": "Coles Bakery Apple Crumble Log | 1 each", "price": "$4.25", "price_calculation": "$4.25 per 1ea", "category": "Bakery"},
{"title": "Chris' Heritage Gluten Free Goat Cheese & Black Truffle Savoury Dip | 170g", "price": "$7.00", "price_calculation": "$4.12 per 100g", "category": "Dairy, Eggs & Fridge"},
{"title": "Coles No Added Hormone Beef mp Steak Half | 500g", "price": "$12.00", "price_calculation": "$24.00 per 1kg", "category": "Meat & Seafood"},
{"title": "Coles Bakery Fresh Cream Chocolate Eclairs | 2 pack", "price": "$4.00", "price_calculation": "$2.00 per 1ea", "category": "Bakery"},
{"title": "Vaalia Blueberry Yoghurt | 900g", "price": "$7.00", "price_calculation": "$0.78 per 100g", "category": "Dairy, Eggs & Fridge"},
{"title": "Coles RSPCA Approved Chicken Breast Stir Fry                  | approx 700g", "price": "$11.20", "price_calculation": "$16.00 per 1kg", "category": "Meat & Seafood"},
{"title": "Coles Bakery Mixed Biscuit Tray | 24 pack", "price": "$6.00", "price_calculation": "$0.25 per 1ea", "category": "Bakery"},
{"title": "Castello Herbs & Garlic In Oil Marinated Fetta | 265g", "price": "$7.00", "price_calculation": "$26.42 per 1kg", "category": "Dairy, Eggs & Fridge"},
{"title": "Coles Deli Thawed MSC Smoked Cod Fillet | approx 200g", "price": "$3.30", "price_calculation": "$16.50 per 1kg", "category": "Meat & Seafood"},
{"title": "Coles Bakery White Crusty Jumbo Rolls | 6 pack", "price": "$3.00", "price_calculation": "$0.50 per 1ea", "category": "Bakery"},
{"title": "South Cape Wedge Cheese Havarti | 180g", "price": "$7.00", "price_calculation": "$38.89 per 1kg", "category": "Dairy, Eggs & Fridge"},
{"title": "Coles Deli RSPCA Approved Chicken Crumbed Schnitzel | 1 each", "price": "$3.70", "price_calculation": "$3.70 per 1ea", "category": "Meat & Seafood"},
{"title": "Neutrogena Hair Shampoo T Gel | 200mL", "price": "$15.00", "price_calculation": "$7.50 per 100mL", "category": "Health & Beauty"},
{"title": "Coles Bakery Boston Bun | 1 each", "price": "$2.50", "price_calculation": "$2.50 per 1ea", "category": "Bakery"},
{"title": "Coles Kitchen Melon Mix | 350g", "price": "$7.00", "price_calculation": "$20.00 per 1kg", "category": "Dairy, Eggs & Fridge"},
{"title": "Lilydale Honey Cinnamon Wings | 500g", "price": "$7.00", "price_calculation": "$14.00 per 1kg", "category": "Meat & Seafood"},
{"title": "Lemsip Max With Decongestant Lemon | 10 pack", "price": "$15.00", "price_calculation": "$1.50 per 1ea", "category": "Health & Beauty"},
{"title": "Helga's Mixed Grain Wraps 8 pack | 508g", "price": "$3.00", "price_calculation": "$0.59 per 100g", "category": "Bakery"},
{"title": "Coles Kitchen Filled Pasta Agnolotti Spinach Ricotta | 630g", "price": "$7.00", "price_calculation": "$1.11 per 100g", "category": "Dairy, Eggs & Fridge"},
{"title": "Coles Made Easy Chicken Strips In Souvlaki Seasoning | 500g", "price": "$11.00", "price_calculation": "$22.00 per 1kg", "category": "Meat & Seafood"},
{"title": "Betadine Sore Throat Gargle Ready To Use | 120mL", "price": "$15.40", "price_calculation": "$12.83 per 100mL", "category": "Health & Beauty"},
{"title": "Coles Bakery Custard Pull Apart | 1 each", "price": "$4.25", "price_calculation": "$4.25 per 1ea", "category": "Bakery"},
{"title": "Mainland Epicure Cheese Block | 200g", "price": "$7.00", "price_calculation": "$35.00 per 1kg", "category": "Dairy, Eggs & Fridge"},
{"title": "Lilydale Chicken Breast Schnitzel With Cauliflower & Herb Crumb | 400g", "price": "$11.50", "price_calculation": "$28.75 per 1kg", "category": "Meat & Seafood"},
{"title": "Oral-B Sensitive Electric Toothbrush Head | 2 pack", "price": "$16.00", "price_calculation": "$8.00 per 1ea", "category": "Health & Beauty"},
{"title": "Helga's Pumpkin Five Seed Bread | 720g", "price": "$4.90", "price_calculation": "$0.68 per 100g", "category": "Bakery"},
{"title": "Coles Australian Made Free Range Triple Smoked Leg Ham | 140g", "price": "$7.80", "price_calculation": "$55.71 per 1kg", "category": "Dairy, Eggs & Fridge"},
{"title": "Coles Raw Prawns Garlic & Herb | 260g", "price": "$12.50", "price_calculation": "$48.08 per 1kg", "category": "Meat & Seafood"},
{"title": "Garnier Fructis Normal Shampoo  | 850mL", "price": "$17.00", "price_calculation": "$2.00 per 100mL", "category": "Health & Beauty"},
{"title": "Coles Bakery Tiger Rolls | 6 pack", "price": "$2.50", "price_calculation": "$0.42 per 1ea", "category": "Bakery"},
{"title": "Coles Vanilla Slice 2 Pack | 270g", "price": "$5.50", "price_calculation": "$2.04 per 100g", "category": "Bakery"},
{"title": "Cremeux Double Cream Brie | 200g", "price": "$8.80", "price_calculation": "$44.00 per 1kg", "category": "Dairy, Eggs & Fridge"},
{"title": "Coles RSPCA Approved Free Range Chicken Stir Fry | approx 575g", "price": "$13.80", "price_calculation": "$24.00 per 1kg", "category": "Meat & Seafood"},
{"title": "Pantene Pro-V Ultimate 10 Conditioner | 900mL", "price": "$20.00", "price_calculation": "$2.22 per 100mL", "category": "Health & Beauty"},
{"title": "Coles Cinnamon Donuts | 12 pack", "price": "$3.50", "price_calculation": "$0.29 per 1ea", "category": "Bakery"},
{"title": "Coles Bakery Spinach And Herb Flatbread | 5 pack", "price": "$4.00", "price_calculation": "$0.80 per 1ea", "category": "Bakery"},
{"title": "Bio Cheddar Cheese Slices | 200g", "price": "$9.00", "price_calculation": "$45.00 per 1kg", "category": "Dairy, Eggs & Fridge"},
{"title": "Coles Finest Beef And Margaret River Shiraz Sausages | 500g", "price": "$8.00", "price_calculation": "$16.00 per 1kg", "category": "Meat & Seafood"},
{"title": "Pantene Pro-V Classic Clean Shampoo | 900mL", "price": "$20.00", "price_calculation": "$2.22 per 100mL", "category": "Health & Beauty"},
{"title": "Coles Soft White Wraps 8 pack | 360g", "price": "$2.50", "price_calculation": "$0.69 per 100g", "category": "Bakery"},
{"title": "Coles Croissants 12 Pack | 900g", "price": "$11.00", "price_calculation": "$1.22 per 100g", "category": "Bakery"},
{"title": "Udder Delights Adelaide Hills Double Cream Brie Cheese | 200g", "price": "$9.90", "price_calculation": "$49.50 per 1kg", "category": "Dairy, Eggs & Fridge"},
{"title": "Coles Finest Lamb Hand Cut Frenched Cutlet | approx 208g", "price": "$8.94", "price_calculation": "$43.00 per 1kg", "category": "Meat & Seafood"},
{"title": "Head & Shoulders Conditioner Smooth & Silky | 660mL", "price": "$21.00", "price_calculation": "$3.18 per 100mL", "category": "Health & Beauty"},
{"title": "Wholemeal Sandwich Loaf | 680g", "price": "$2.70", "price_calculation": "$0.40 per 100g", "category": "Bakery"},
{"title": "Coles Bagels Plain 4 pack | 360g", "price": "$2.50", "price_calculation": "$0.69 per 100g", "category": "Bakery"},
{"title": "Coles Perform Lemon & Herb Chicken | 435g", "price": "$9.95", "price_calculation": "$2.29 per 100g", "category": "Dairy, Eggs & Fridge"},
{"title": "Coles RSPCA Approved Chicken Breast Steaks Lemon & Herb | 500g", "price": "$10.50", "price_calculation": "$21.00 per 1kg", "category": "Meat & Seafood"},
{"title": "Nature's Way Adult Vita Gummies Multi-Vitamin | 120 pack", "price": "$23.00", "price_calculation": "$0.19 per 1ea", "category": "Health & Beauty"},
{"title": "M&M's Cookies 8 pack | 200g", "price": "$3.50", "price_calculation": "$1.75 per 100g", "category": "Bakery"},
{"title": "Coles Bakery Apple Fresh Cream Turnover | 1 each", "price": "$4.50", "price_calculation": "$4.50 per 1ea", "category": "Bakery"},
{"title": "Coles Perform Build Braised Beef And Mash | 450g", "price": "$9.95", "price_calculation": "$2.21 per 100g", "category": "Dairy, Eggs & Fridge"},
{"title": "Coles Slow Cooked Pork Knuckle | approx 1Kg", "price": "$11.00", "price_calculation": "$11.00 per 1kg", "category": "Meat & Seafood"},
{"title": "Nature's Way Kids Smart Gummies Multi-Vitamin +Vegies | 120 pack", "price": "$30.00", "price_calculation": "$0.25 per 1ea", "category": "Health & Beauty"},
{"title": "Coles Bakery Hawaiian Pizza Roll | 2 pack", "price": "$3.90", "price_calculation": "$1.95 per 1ea", "category": "Bakery"},
{"title": "Mission Original Wraps 8 pack | 567g", "price": "$5.50", "price_calculation": "$0.97 per 100g", "category": "Bakery"},
{"title": "Coles Perform Build BBQ Pulled Pork And Mash | 450g", "price": "$9.95", "price_calculation": "$2.21 per 100g", "category": "Dairy, Eggs & Fridge"},
{"title": "Coles Lamb Boneless Shank Meat | approx 700g", "price": "$15.40", "price_calculation": "$22.00 per 1kg", "category": "Meat & Seafood"},
{"title": "L'Oreal Paris Revitalift Night Cream | 50mL", "price": "$37.00", "price_calculation": "$74.00 per 100mL", "category": "Health & Beauty"},
{"title": "Coles High Fibre Multigrain Bread | 700g", "price": "$3.50", "price_calculation": "$0.50 per 100g", "category": "Bakery"},
{"title": "Coles High Fibre White Toast Bread | 700g", "price": "$3.50", "price_calculation": "$0.50 per 100g", "category": "Bakery"},
{"title": "Mainland Vintage Cheese Block | 400g", "price": "$10.00", "price_calculation": "$25.00 per 1kg", "category": "Dairy, Eggs & Fridge"},
{"title": "Coles RSPCA Approved Chicken Frames | approx 750g", "price": "$4.12", "price_calculation": "$5.50 per 1kg", "category": "Meat & Seafood"},
{"title": "Coles Alcohol Wipes | 50 pack", "price": "$2.50", "price_calculation": "$0.05 per 1ea", "category": "Health & Beauty"},
{"title": "Coles Bakery Ultimate Chocolate Chip Cookie | 6 pack", "price": "$3.50", "price_calculation": "$0.58 per 1ea", "category": "Bakery"},
{"title": "Coles Mini Croissants | 160g", "price": "$4.00", "price_calculation": "$2.50 per 100g", "category": "Bakery"},
{"title": "Coles Kitchen Broccoli Parmesan Quiche 2 Pack | 400g", "price": "$10.00", "price_calculation": "$2.50 per 100g", "category": "Dairy, Eggs & Fridge"},
{"title": "Coles Hot Smoked Salmon Cracked Pepper | 150g", "price": "$8.50", "price_calculation": "$56.67 per 1kg", "category": "Meat & Seafood"},
{"title": "Swisspers Cotton Tips Cosmetic Dual Tips Paperstem | 100 pack", "price": "$2.80", "price_calculation": "$2.80 per 100ea", "category": "Health & Beauty"},
{"title": "Coles Bakery High Fibre Low Gi 7 Seeds & Grains Toast Bread Loaf | 800g", "price": "$3.70", "price_calculation": "$0.46 per 100g", "category": "Bakery"},
{"title": "Coles Bakery Stone Baked By Laurent Mini White Sourdough Vienna | 1 each", "price": "$2.50", "price_calculation": "$2.50 per 1ea", "category": "Bakery"},
{"title": "Youfoodz Fueld Peri Peri Chicken With Spicy Mayo | 430g", "price": "$11.95", "price_calculation": "$2.78 per 100g", "category": "Dairy, Eggs & Fridge"},
{"title": "Coles Deli Thawed Australian MSC Raw Peeled Banana Prawn Meat | approx 250g", "price": "$10.75", "price_calculation": "$43.00 per 1kg", "category": "Meat & Seafood"},
{"title": "Nyal Paracetamol Capsules | 20 pack", "price": "$2.80", "price_calculation": "$0.14 per 1ea", "category": "Health & Beauty"},
{"title": "Coles Bakery Super Soft Hot Dog Rolls | 6 pack", "price": "$2.50", "price_calculation": "$0.42 per 1ea", "category": "Bakery"},
{"title": "Coles White Dinner Rolls | 6 pack", "price": "$2.60", "price_calculation": "$0.43 per 1ea", "category": "Bakery"},
{"title": "Youfoodz Fueld Osso Buco | 480g", "price": "$11.95", "price_calculation": "$2.49 per 100g", "category": "Dairy, Eggs & Fridge"},
{"title": "Coles Lamb Diced | 450g", "price": "$13.00", "price_calculation": "$28.89 per 1kg", "category": "Meat & Seafood"},
{"title": "Palmolive Cherry Blossom Hand Sanitiser | 48mL", "price": "$3.00", "price_calculation": "$6.25 per 100mL", "category": "Health & Beauty"},
{"title": "Coles Bakery Super Soft Jumbo Round Rolls | 6 pack", "price": "$3.00", "price_calculation": "$0.50 per 1ea", "category": "Bakery"},
{"title": "Coles Finest By Laurent Toasted Sesame Pane Di Casa Roll | 3 pack", "price": "$3.50", "price_calculation": "$1.17 per 1ea", "category": "Bakery"},
{"title": "Norco Natural Cheese Block | 500g", "price": "$12.00", "price_calculation": "$24.00 per 1kg", "category": "Dairy, Eggs & Fridge"},
{"title": "Coles Beef Eye Fillet Roast | approx 500g", "price": "$26.00", "price_calculation": "$52.00 per 1kg", "category": "Meat & Seafood"},
{"title": "Coles Denture Cleaner Tablets | 48 pack", "price": "$3.00", "price_calculation": "$6.25 per 100ea", "category": "Health & Beauty"},
{"title": "Coles Bakery Chocolate Chip Cookies | 12 pack", "price": "$3.00", "price_calculation": "$0.25 per 1ea", "category": "Bakery"},
{"title": "Coles Bakery Multigrain Rolls | 6 pack", "price": "$2.50", "price_calculation": "$0.42 per 1ea", "category": "Bakery"},
{"title": "Coles Cottage Pie | 1.2kg", "price": "$12.50", "price_calculation": "$1.04 per 100g", "category": "Dairy, Eggs & Fridge"},
{"title": "Coles Deli Seafood Salad | approx 250g", "price": "$4.25", "price_calculation": "$17.00 per 1kg", "category": "Meat & Seafood"},
{"title": "Palmolive Cherry Blossom Foaming Hand Wash | 250mL", "price": "$3.20", "price_calculation": "$1.28 per 100mL", "category": "Health & Beauty"},
{"title": "Coles Pikelets 8 pack | 200g", "price": "$2.20", "price_calculation": "$1.10 per 100g", "category": "Bakery"},
{"title": "Helga's Wholemeal Wraps 8 pack | 508g", "price": "$3.00", "price_calculation": "$0.59 per 100g", "category": "Bakery"},
{"title": "Cheer Cheese Slices Extra Tasty | 500g", "price": "$12.50", "price_calculation": "$25.00 per 1kg", "category": "Dairy, Eggs & Fridge"},
{"title": "Coles Lamb Kebabs | 450g", "price": "$8.50", "price_calculation": "$18.89 per 1kg", "category": "Meat & Seafood"},
{"title": "Simple Instant Glow Biodegradble Facial Wipes | 20 pack", "price": "$3.50", "price_calculation": "$17.50 per 100ea", "category": "Health & Beauty"},
{"title": "Coles Blueberry Mini Muffins | 9 pack", "price": "$4.70", "price_calculation": "$0.52 per 1ea", "category": "Bakery"},
{"title": "Coles Bakery Multigrain Sandwich Loaf  | 680g", "price": "$2.70", "price_calculation": "$0.40 per 100g", "category": "Bakery"},
{"title": "Coles Kitchen Rich Beef Pie | 700g", "price": "$14.50", "price_calculation": "$2.07 per 100g", "category": "Dairy, Eggs & Fridge"},
{"title": "Coles RSPCA Approved Chicken Wings Honey & Soy | 1kg", "price": "$9.00", "price_calculation": "$9.00 per 1kg", "category": "Meat & Seafood"},
{"title": "Libra Liners Ultra Thin | 30 pack", "price": "$3.50", "price_calculation": "$0.12 per 1ea", "category": "Health & Beauty"},
{"title": "Coles Bakery Cinnamon Donuts | 6 pack", "price": "$2.80", "price_calculation": "$0.47 per 1ea", "category": "Bakery"},
{"title": "Coles Stone Baked By Laurent Turkish Rolls | 3 pack", "price": "$3.75", "price_calculation": "$1.25 per 1ea", "category": "Bakery"},
{"title": "Coles Deli Marinated Fetta Cheese | approx 100g", "price": "$2.45", "price_calculation": "$24.50 per 1kg", "category": "Dairy, Eggs & Fridge"},
{"title": "Coles Deli Thawed MSC Raw Lobster Tails | 1 each", "price": "$10.00", "price_calculation": "$10.00 per 1ea", "category": "Meat & Seafood"},
{"title": "Mitchum Women's Roll On Powder Fresh Antiperspirant Deodorant | 50mL", "price": "$3.50", "price_calculation": "$7.00 per 100mL", "category": "Health & Beauty"},
{"title": "Coles High Fibre White Sandwich Bread | 700g", "price": "$3.50", "price_calculation": "$0.50 per 100g", "category": "Bakery"},
{"title": "Tip Top Sunblest White Bread | 650g", "price": "$4.00", "price_calculation": "$0.62 per 100g", "category": "Bakery"},
{"title": "King Island Dairy Surprise Bay Cheddar Cheese Block | approx200g", "price": "$10.80", "price_calculation": "$54.00 per 1kg", "category": "Dairy, Eggs & Fridge"},
{"title": "Coles Australian Whiting Mini Fillets With Plain Crumb | 285g", "price": "$11.00", "price_calculation": "$38.60 per 1kg", "category": "Meat & Seafood"},
{"title": "Mitchum Men's Roll On Sport Antiperspirant Deodorant | 50mL", "price": "$3.50", "price_calculation": "$7.00 per 100mL", "category": "Health & Beauty"},
{"title": "Coles Bakery Stone Baked By Laurent Mini Olive Pane Di Casa | 1 each", "price": "$2.50", "price_calculation": "$2.50 per 1ea", "category": "Bakery"},
{"title": "Coles Chocolate Chip Muffins | 4 pack", "price": "$4.70", "price_calculation": "$1.18 per 1ea", "category": "Bakery"},
{"title": "King Island Dairy Furneaux Cheese | approx 100g", "price": "$8.00", "price_calculation": "$80.00 per 1kg", "category": "Dairy, Eggs & Fridge"},
{"title": "Coles RSPCA Approved Chicken Southern Fried Thigh Burger | 400g", "price": "$11.00", "price_calculation": "$27.50 per 1kg", "category": "Meat & Seafood"},
{"title": "Coles Foaming Handwash Lime & Mint | 1L", "price": "$3.50", "price_calculation": "$0.35 per 100mL", "category": "Health & Beauty"},
{"title": "Coles Bakery High Fibre Low Gi White Toast Loaf | 680g", "price": "$3.70", "price_calculation": "$0.54 per 100g", "category": "Bakery"},
{"title": "Coles Double Chocolate Mini Muffins | 9 pack", "price": "$4.70", "price_calculation": "$0.52 per 1ea", "category": "Bakery"},
{"title": "Coles Vanilla Yoghurt | 150g", "price": "$1.10", "price_calculation": "$0.73 per 100g", "category": "Dairy, Eggs & Fridge"},
{"title": "Agrios Wild Alaskan Red Sockeye Salmon Portions Skin On | 220g", "price": "$15.00", "price_calculation": "$68.18 per 1kg", "category": "Meat & Seafood"},
{"title": "Tena Ultimate Coverage Ultra Long Incontinence Liners | 22 pack", "price": "$3.85", "price_calculation": "$0.18 per 1ea", "category": "Health & Beauty"},
{"title": "Coles Bakery Hawaiian Tear & Share | 1 each", "price": "$4.00", "price_calculation": "$4.00 per 1ea", "category": "Bakery"},
{"title": "Bakery Du Jour Vegan Croissant 3 Pack | 168g", "price": "$2.25", "price_calculation": "$1.34 per 100g", "category": "Bakery"},
{"title": "Yoplait Pouch Choc Banana | 130g", "price": "$1.80", "price_calculation": "$1.38 per 100g", "category": "Dairy, Eggs & Fridge"},
{"title": "Coles Grill Lamb Ribs In A Sticky BBQ Rub | 750g", "price": "$16.50", "price_calculation": "$22.00 per 1kg", "category": "Meat & Seafood"},
{"title": "Coles Body Wash Guava & Peach | 1L", "price": "$4.00", "price_calculation": "$0.40 per 100mL", "category": "Health & Beauty"},
{"title": "Coles Cheese & Bacon Rolls | 4 pack", "price": "$4.50", "price_calculation": "$1.13 per 1ea", "category": "Bakery"},
{"title": "Coles Bakery Cinnamon Bun | 1 each", "price": "$2.50", "price_calculation": "$2.50 per 1ea", "category": "Bakery"},
{"title": "Chobani No Sugar Added Yogurt Mixed Berry | 150g", "price": "$2.50", "price_calculation": "$1.67 per 100g", "category": "Dairy, Eggs & Fridge"},
{"title": "Coles No Added Hormone Beef Shin Gravy Beef Whole Piece | approx 850g", "price": "$14.45", "price_calculation": "$17.00 per 1kg", "category": "Meat & Seafood"},
{"title": "Bic Flex 3 Men's Disposable Razor | 4 pack", "price": "$4.34", "price_calculation": "$1.09 per 1ea", "category": "Health & Beauty"},
{"title": "Coles Bakery Super Soft Sesame Hot Dog Rolls | 6 pack", "price": "$2.50", "price_calculation": "$0.42 per 1ea", "category": "Bakery"},
{"title": "Coles Bakery Lamington Fingers 18 pack | 350g", "price": "$3.40", "price_calculation": "$0.97 per 100g", "category": "Bakery"},
{"title": "Ice Break Single Shot Espresso | 320mL", "price": "$2.65", "price_calculation": "$8.28 per 1L", "category": "Dairy, Eggs & Fridge"},
{"title": "Coles Lamb Shanks Family Pack | approx 2kg", "price": "$26.00", "price_calculation": "$13.00 per 1kg", "category": "Meat & Seafood"},
{"title": "Tena Pads Mini Plus Length Incontinence Pad | 16 pack", "price": "$4.41", "price_calculation": "$0.28 per 1ea", "category": "Health & Beauty"},
{"title": "Coles Bakery High Fibre Low Gi 7 Seeds & Grains Sandwich Bread Loaf | 800g", "price": "$3.70", "price_calculation": "$0.46 per 100g", "category": "Bakery"},
{"title": "Coles Bakery Light Sourdough Hamburger Rolls | 4 pack", "price": "$3.75", "price_calculation": "$0.94 per 1ea", "category": "Bakery"},
{"title": "Big M Banana Flavoured Milk | 600mL", "price": "$2.90", "price_calculation": "$4.83 per 1L", "category": "Dairy, Eggs & Fridge"},
{"title": "Tassal Tasmanian Smoked Salmon Pieces For Cooking | 200g", "price": "$8.00", "price_calculation": "$40.00 per 1kg", "category": "Meat & Seafood"},
{"title": "Rexona Men Sport Antiperspirant Roll On Deodorant | 50mL", "price": "$4.50", "price_calculation": "$9.00 per 100mL", "category": "Health & Beauty"},
{"title": "Coles Brioche Rolls 8 Pack | 280g", "price": "$4.80", "price_calculation": "$1.71 per 100g", "category": "Bakery"},
{"title": "Coles Margherita Pizza Rolls | 2 pack", "price": "$3.90", "price_calculation": "$1.95 per 1ea", "category": "Bakery"},
{"title": "Copha Vegetable Cooking Oil Solid | 250g", "price": "$3.00", "price_calculation": "$1.20 per 100g", "category": "Dairy, Eggs & Fridge"},
{"title": "Coles Hot Smoked Salmon Natural | 150g", "price": "$8.50", "price_calculation": "$56.67 per 1kg", "category": "Meat & Seafood"},
{"title": "Dove Women Antiperspirant Roll On Deo Cucumber | 50mL", "price": "$4.50", "price_calculation": "$9.00 per 100mL", "category": "Health & Beauty"},
{"title": "MEB Pita Khobz White 5 pack | 500g", "price": "$1.90", "price_calculation": "$0.38 per 100g", "category": "Bakery"},
{"title": "Tip Top Sunblest Soft White Toast Bread | 650g", "price": "$4.00", "price_calculation": "$0.62 per 100g", "category": "Bakery"},
{"title": "Australia's Own Organic Oat Milk | 1L", "price": "$3.50", "price_calculation": "$3.50 per 1L", "category": "Dairy, Eggs & Fridge"},
{"title": "Coles Beef Kebabs | 500g", "price": "$8.50", "price_calculation": "$17.00 per 1kg", "category": "Meat & Seafood"},
{"title": "Salts & Co Pure Epsom Bath Salts | 1kg", "price": "$4.50", "price_calculation": "$0.45 per 100g", "category": "Health & Beauty"},
{"title": "Coles Bakery Super Soft Sesame Hamburger Rolls | 6 pack", "price": "$2.50", "price_calculation": "$0.42 per 1ea", "category": "Bakery"},
{"title": "Coles White Chocolate & Macadamia Cookies | 6 pack", "price": "$3.50", "price_calculation": "$0.58 per 1ea", "category": "Bakery"},
{"title": "The Cheesecake Shop Citron Cheesecake Cup | 100g", "price": "$3.50", "price_calculation": "$3.50 per 100g", "category": "Dairy, Eggs & Fridge"},
{"title": "Coles Graze Lamb Extra Trim Cutlets | approx 300g", "price": "$11.70", "price_calculation": "$39.00 per 1kg", "category": "Meat & Seafood"},
{"title": "Lynx Men Antiperspirant Roll On Deodorant Africa | 50mL", "price": "$4.50", "price_calculation": "$9.00 per 100mL", "category": "Health & Beauty"},
{"title": "Coles Bakery Anzac Biscuits | 12 pack", "price": "$3.00", "price_calculation": "$0.25 per 1ea", "category": "Bakery"},
{"title": "Coles Bakery Stone Baked Pane Di Casa Rolls | 4 pack", "price": "$3.75", "price_calculation": "$0.94 per 1ea", "category": "Bakery"},
{"title": "Obela Beetroot And Hommus | 220g", "price": "$4.00", "price_calculation": "$1.82 per 100g", "category": "Dairy, Eggs & Fridge"},
{"title": "Luv A Duck Cooked Duck Breast Peking Flavoured | 360g", "price": "$13.00", "price_calculation": "$36.11 per 1kg", "category": "Meat & Seafood"},
{"title": "Micro Protect Surgical Mask Level 3  | 10 pack", "price": "$5.00", "price_calculation": "$0.50 per 1ea", "category": "Health & Beauty"},
{"title": "Coles Finest By Laurent White Sourdough Rolls | 3 pack", "price": "$3.50", "price_calculation": "$1.17 per 1ea", "category": "Bakery"},
{"title": "La Fournee Doree Sliced Brioche Loaf Plain | 500g", "price": "$8.90", "price_calculation": "$1.78 per 100g", "category": "Bakery"},
{"title": "Coles Plain Fettucine | 300g", "price": "$4.20", "price_calculation": "$1.40 per 100g", "category": "Dairy, Eggs & Fridge"},
{"title": "Coles Finest Carbon Neutral Beef Scotch Fillet Steak | 375g", "price": "$22.00", "price_calculation": "$58.67 per 1kg", "category": "Meat & Seafood"},
{"title": "Dove Advanced Care Antiperspirant Roll On Pomegranate And Lemon Verbena | 50mL", "price": "$5.00", "price_calculation": "$10.00 per 100mL", "category": "Health & Beauty"},
{"title": "Coles Bakery Damper Inspired Rolls | 6 pack", "price": "$2.50", "price_calculation": "$0.42 per 1ea", "category": "Bakery"},
{"title": "MEB Pita Khobz Wholemeal 5 pack | 500g", "price": "$1.90", "price_calculation": "$0.38 per 100g", "category": "Bakery"},
{"title": "Coles Double Chocolate Dessert 2 Pack | 150g", "price": "$4.30", "price_calculation": "$2.87 per 100g", "category": "Dairy, Eggs & Fridge"},
{"title": "Coles Deli Thawed Peeled Garlic Prawns | approx 250g", "price": "$8.25", "price_calculation": "$33.00 per 1kg", "category": "Meat & Seafood"},
{"title": "Vicks VapoDrops Original Menthol Lozenges | 24 pack", "price": "$5.00", "price_calculation": "$0.21 per 1ea", "category": "Health & Beauty"},
{"title": "Coles Finest By Laurent White Sourdough Vienna | 1 pack", "price": "$6.50", "price_calculation": "$6.50 per 1ea", "category": "Bakery"},
{"title": "Coles Bakery Jam Lamingtons 6 Pack | 350g", "price": "$3.40", "price_calculation": "$0.97 per 100g", "category": "Bakery"},
{"title": "Fresh Fodder Greek Style Tzatziki Dip | 200g", "price": "$4.40", "price_calculation": "$2.20 per 100g", "category": "Dairy, Eggs & Fridge"},
{"title": "Rocco's Vienna Style Frankfurters | 450g", "price": "$8.00", "price_calculation": "$17.78 per 1kg", "category": "Meat & Seafood"},
{"title": "Neutrogena Makeup Remover Cleansing Towelettes | 25 pack", "price": "$5.10", "price_calculation": "$0.20 per 1ea", "category": "Health & Beauty"},
{"title": "Coles Mini Jam Donuts  | 6 pack", "price": "$3.60", "price_calculation": "$0.60 per 1ea", "category": "Bakery"},
{"title": "Coles Bakery Apple Crumble Scroll | 2 pack", "price": "$3.50", "price_calculation": "$1.75 per 1ea", "category": "Bakery"},
{"title": "KCF Lime & Cracked Pepper Club Cheddar | 165g", "price": "$4.80", "price_calculation": "$29.09 per 1kg", "category": "Dairy, Eggs & Fridge"},
{"title": "Coles Beef BBQ Burgers 10 pack | 1kg", "price": "$11.00", "price_calculation": "$11.00 per 1kg", "category": "Meat & Seafood"},
{"title": "Soothers Herbal Throat Drops Echinacea & Vitamin C | 18 pack", "price": "$5.50", "price_calculation": "$0.31 per 1ea", "category": "Health & Beauty"},
{"title": "Coles Wholemeal & Grain Soft Wraps 8 Pack | 360g", "price": "$2.50", "price_calculation": "$0.69 per 100g", "category": "Bakery"},
{"title": "Coles Bakery Custard Tarts 6 Pack | 360g", "price": "$5.75", "price_calculation": "$1.60 per 100g", "category": "Bakery"},
{"title": "Meredith Dairy Marinated Goats Cheese | 100g", "price": "$5.00", "price_calculation": "$50.00 per 1kg", "category": "Dairy, Eggs & Fridge"},
{"title": "Coles Tasmanian Salmon Marinated Portions Teriyaki | 325g", "price": "$13.00", "price_calculation": "$40.00 per 1kg", "category": "Meat & Seafood"},
{"title": "Poise Liners For Bladder Leaks Ultra Long | 20 pack", "price": "$5.90", "price_calculation": "$0.30 per 1ea", "category": "Health & Beauty"},
{"title": "Coles Bakery Crusty Round Rolls | 6 pack", "price": "$2.50", "price_calculation": "$0.42 per 1ea", "category": "Bakery"},
{"title": "Mr Kipling Angel Slice 6 pack | 165g", "price": "$6.00", "price_calculation": "$3.64 per 100g", "category": "Bakery"},
{"title": "The Organic Milk Company Salted Butter | 250g", "price": "$5.00", "price_calculation": "$2.00 per 100g", "category": "Dairy, Eggs & Fridge"},
{"title": "Coles Graze Grassfed Beef New York Strip Steak | 380g", "price": "$14.00", "price_calculation": "$36.84 per 1kg", "category": "Meat & Seafood"},
{"title": "Nivea Men Cool Kick Aerosol Antiperspirant Deodorant | 250mL", "price": "$5.95", "price_calculation": "$2.38 per 100mL", "category": "Health & Beauty"},
{"title": "Coles Bakery High Fibre Low Gi White Sandwich Loaf | 680g", "price": "$3.70", "price_calculation": "$0.54 per 100g", "category": "Bakery"},
{"title": "Coles Iced Extra Chocolate Donuts | 6 pack", "price": "$3.80", "price_calculation": "$0.63 per 1ea", "category": "Bakery"},
{"title": "Coles Finest Filled Gnocchi Genovese Pesto | 350g", "price": "$5.00", "price_calculation": "$1.43 per 100g", "category": "Dairy, Eggs & Fridge"},
{"title": "Coles Deli Thawed Cooked Peeled Prawn Cutlets | approx 250g", "price": "$8.50", "price_calculation": "$34.00 per 1kg", "category": "Meat & Seafood"},
{"title": "Nivea Men Deep Aerosol Antiperspirant Deodorant | 250mL", "price": "$5.95", "price_calculation": "$2.38 per 100mL", "category": "Health & Beauty"},
{"title": "Coles Chocolate Chip Brioche Rolls 8 Pack | 280g", "price": "$4.80", "price_calculation": "$1.71 per 100g", "category": "Bakery"},
{"title": "Coles Brioche Loaf Sliced | 500g", "price": "$4.95", "price_calculation": "$0.99 per 100g", "category": "Bakery"},
{"title": "Coles Perform Chicken Kale & Quinoa Soup | 400g", "price": "$5.00", "price_calculation": "$1.25 per 100g", "category": "Dairy, Eggs & Fridge"},
{"title": "Coles Deli Thawed Cooked Peeled Prawn Cutlets | 1kg", "price": "$34.00", "price_calculation": "$34.00 per 1kg", "category": "Meat & Seafood"},
{"title": "TOM Organic Regular Pads | 10 pack", "price": "$6.00", "price_calculation": "$0.60 per 1ea", "category": "Health & Beauty"},
{"title": "Coles Crumpet Rounds 6 Pack | 300g", "price": "$2.00", "price_calculation": "$0.67 per 100g", "category": "Bakery"},
{"title": "Bega Cream Cheese Spreadable Tub | 225g", "price": "$5.00", "price_calculation": "$22.22 per 1kg", "category": "Dairy, Eggs & Fridge"},
{"title": "Coles Deli RSPCA Approved Chicken Nibbles Honey Soy | approx 70g", "price": "$0.53", "price_calculation": "$7.50 per 1kg", "category": "Meat & Seafood"},
{"title": "Pears Ambre Soap Bar | 3 pack", "price": "$6.00", "price_calculation": "$2.00 per 1ea", "category": "Health & Beauty"},
{"title": "Coles Bakery Rustic Baguette | 1 each", "price": "$2.50", "price_calculation": "$2.50 per 1ea", "category": "Bakery"},
{"title": "Thomson's Deli Danish Salami | 200g", "price": "$5.00", "price_calculation": "$25.00 per 1kg", "category": "Dairy, Eggs & Fridge"},
{"title": "Coles Rspca Approved Chicken Breast Kiev Creamy Garlic | 350g", "price": "$9.50", "price_calculation": "$27.14 per 1kg", "category": "Meat & Seafood"},
{"title": "Palmolive Bluey Kids 3In1 Shampoo- Conditioner & Bodywash | 350mL", "price": "$6.00", "price_calculation": "$1.71 per 100mL", "category": "Health & Beauty"},
{"title": "Coles Brioche Hot Dog Roll 6 Pack | 270g", "price": "$3.80", "price_calculation": "$1.41 per 100g", "category": "Bakery"},
{"title": "Richmond Valley Veal Sizzle Steak | 400g", "price": "$12.00", "price_calculation": "$30.00 per 1kg", "category": "Meat & Seafood"},
{"title": "L'Oreal Elnett Normal Strength Hair Spray | 75mL", "price": "$6.00", "price_calculation": "$8.00 per 100mL", "category": "Health & Beauty"},
{"title": "Helga's Traditional White Bread | 750g", "price": "$4.90", "price_calculation": "$0.65 per 100g", "category": "Bakery"},
{"title": "Four Seasons Glow In Dark Lubricant | 100mL", "price": "$6.20", "price_calculation": "$6.20 per 100mL", "category": "Health & Beauty"},
{"title": "Coles Bakery Wholemeal Rolls | 6 pack", "price": "$2.50", "price_calculation": "$0.42 per 1ea", "category": "Bakery"},
{"title": "Lynx Ice Chill 3 In 1 Shower Gel Body Wash | 400mL", "price": "$6.50", "price_calculation": "$1.63 per 100mL", "category": "Health & Beauty"},
{"title": "Coles Soft Multigrain Sandwich Loaf | 650g", "price": "$2.70", "price_calculation": "$0.42 per 100g", "category": "Bakery"},
{"title": "Coles Bakery White Vienna | 1 each", "price": "$3.00", "price_calculation": "$3.00 per 1ea", "category": "Bakery"},
{"title": "Coles Bakery BBQ Cheese And Bacon Pizza Roll | 2 pack", "price": "$3.90", "price_calculation": "$1.95 per 1ea", "category": "Bakery"},
{"title": "Coles Bakery Multigrain Toast Loaf | 680g", "price": "$2.70", "price_calculation": "$0.40 per 100g", "category": "Bakery"},
{"title": "Wirra Wirra Church Block Red Blend 750mL | 1 Each", "price": "$25.00", "price_calculation": "$33.33 per 1L", "category": "Liquor"},
{"title": "Coles Bakery Super Soft Hot Dog Jumbo Rolls | 6 pack", "price": "$3.00", "price_calculation": "$0.50 per 1ea", "category": "Bakery"},
{"title": "Campo Viejo Tempranillo 750mL | 1 Each", "price": "$22.00", "price_calculation": "$2.93 per 100mL", "category": "Liquor"},
{"title": "Helga's White Wraps 8 pack | 508g", "price": "$3.00", "price_calculation": "$0.59 per 100g", "category": "Bakery"},
{"title": "Tullamore Dew Irish Whiskey 700mL | 1 Each", "price": "$50.00", "price_calculation": "$71.43 per 1L", "category": "Liquor"},
{"title": "Coles Bakery BBQ Cheese And Bacon Tear & Share | 1 each", "price": "$4.00", "price_calculation": "$4.00 per 1ea", "category": "Bakery"},
{"title": "Balter XPA Can 375mL | 16 Pack", "price": "$60.00", "price_calculation": "$1.00 per 100mL", "category": "Liquor"},
{"title": "Bundaberg UP & Cola Can 375mL | 24 Pack", "price": "$94.00", "price_calculation": "$1.04 per 100mL", "category": "Liquor"},
{"title": "Selaks Taste Collection Pepper & Spice Shiraz 750mL | 1 Each", "price": "$13.00", "price_calculation": "$17.33 per 1L", "category": "Liquor"},
{"title": "Annie's Lane Clare Valley Cabernet Merlot 750mL | 1 Each", "price": "$14.00", "price_calculation": "$18.67 per 1L", "category": "Liquor"},
{"title": "Yellowglen NV Red 750mL | 1 Each", "price": "$9.00", "price_calculation": "$12.00 per 1L", "category": "Liquor"},
{"title": "KenTucky Straight Bourbon Whiskey 1L | 1 Each", "price": "$59.00", "price_calculation": "$59.00 per 1L", "category": "Liquor"},
{"title": "St Agnes VS Brandy 150mL | 1 Each", "price": "$17.00", "price_calculation": "$113.34 per 1L", "category": "Liquor"},
{"title": "Zilzie Liv Lighter Pinot Grigio 750mL | 1 Each", "price": "$10.00", "price_calculation": "$13.33 per 1L", "category": "Liquor"},
{"title": "ROCK PAPER SCISSORS ROCK PAPER SCISSORS SPARK", "price": null, "price_calculation": null, "category": "Liquor"},
{"title": "Orion 75 Pilsner Can 350mL | 6 Pack", "price": "$16.00", "price_calculation": "$7.62 per 1L", "category": "Liquor"},
{"title": "Yarra Burn YB Cuvee NV 750mL | 1 Each", "price": "$7.00", "price_calculation": "$9.33 per 1L", "category": "Liquor"},
{"title": "Winesmiths Prem Selec Sauv Blanc Semillon 2 Litre | 1 Each", "price": "$16.00", "price_calculation": "$8.00 per 1L", "category": "Liquor"},
{"title": "Miller Chill Premium Bottle 330mL | 24 Pack", "price": "$50.00", "price_calculation": null, "category": "Liquor"},
{"title": "Barossa Valley Wine Co. Gravel Track Cab Sauv 750mL | 1 Each", "price": "$18.00", "price_calculation": "$24.00 per 1L", "category": "Liquor"},
{"title": "Coopers Extra Stout Bottle 375mL | 6 pack", "price": "$23.00", "price_calculation": "$1.02 per 100mL", "category": "Liquor"},
{"title": "De Bortoli Premium Varietal Old Tawny 4 Litre | 1 Each", "price": "$24.00", "price_calculation": "$6.00 per 1L", "category": "Liquor"},
{"title": "Peroni Red Imported Bottle 330mL | 24 Pack", "price": "$49.00", "price_calculation": "$6.19 per 1L", "category": "Liquor"},
{"title": "Kahlua Liqueur 1L | 1 Each", "price": "$48.00", "price_calculation": "$48.00 per 1L", "category": "Liquor"},
{"title": "Kilkenny Cans 440mL | 6 Pack", "price": "$26.00", "price_calculation": "$9.85 per 1L", "category": "Liquor"},
{"title": "Lorry Boys Pale Ale Can 375mL | 4 Pack", "price": "$12.00", "price_calculation": "$8.00 per 1L", "category": "Liquor"},
{"title": "Coconut Beach 750mL | 1 Each", "price": "$18.00", "price_calculation": "$24.00 per 1L", "category": "Liquor"},
{"title": "Bacardi Superior Rum 1L | 1 Each", "price": "$70.00", "price_calculation": "$70.00 per 1L", "category": "Liquor"},
{"title": "Brown Brothers Prosecco Rose 750mL | 1 Each", "price": "$15.00", "price_calculation": "$20.00 per 1L", "category": "Liquor"},
{"title": "Red Hill Estate Pinot Noir 750mL | 1 Each", "price": "$22.00", "price_calculation": "$29.33 per 1L", "category": "Liquor"},
{"title": "Baron Samedi Dark Spiced Rum 700mL | 1 Each", "price": "$45.00", "price_calculation": "$64.29 per 1L", "category": "Liquor"},
{"title": "Chivas Regal 12YO Scotch Whisky 1L | 1 Each", "price": "$75.00", "price_calculation": "$75.00 per 1L", "category": "Liquor"},
{"title": "Two Churches The Preacher Riesling 750mL | 1 Each", "price": "$15.00", "price_calculation": "$20.00 per 1L", "category": "Liquor"},
{"title": "Jim Beam White Double Serve Zero 6.7% Can 375mL | 6 Pack", "price": "$34.00", "price_calculation": "$15.11 per 1L", "category": "Liquor"},
{"title": "4 Pines Brewing Hazy Pale Ale Can 375mL | 4 Pack", "price": "$19.00", "price_calculation": "$12.67 per 1L", "category": "Liquor"},
{"title": "Hammer N Tongs Bitter Block Can 330mL | 30 Pack", "price": "$44.00", "price_calculation": "$0.56 per 100mL", "category": "Liquor"},
{"title": "Royal Montcourt Grande Cuvee Brut NV 750mL | 1 Each", "price": "$36.00", "price_calculation": "$48.00 per 1L", "category": "Liquor"},
{"title": "Jim Beam White Zero Sugar Cola Cans 375mL  | 10 pack", "price": "$47.00", "price_calculation": "$1.25 per 100mL", "category": "Liquor"},
{"title": "Zilzie Estate Cabernet Sauvignon 750mL | 1 Each", "price": "$7.00", "price_calculation": "$9.33 per 1L", "category": "Liquor"},
{"title": "Pepperjack Malbec 750mL | 1 Each", "price": "$25.00", "price_calculation": "$33.33 per 1L", "category": "Liquor"},
{"title": "Berri Classic Dry White Cask 5L | 1 Each", "price": "$22.00", "price_calculation": "$4.40 per 1L", "category": "Liquor"},
{"title": "Fat Pixie Lower Sugar Strawberry & Lime Cider Can 375mL | 4 Pack", "price": "$13.00", "price_calculation": "$8.67 per 1L", "category": "Liquor"},
{"title": "Southern Comfort 700mL | 1 Each", "price": "$50.00", "price_calculation": "$71.43 per 1L", "category": "Liquor"},
{"title": "Malibu Caribbean White Rum 700mL | 1 Each", "price": "$35.00", "price_calculation": "$50.00 per 1L", "category": "Liquor"},
{"title": "Baileys Australian Rivermint Chocolate Liqueur 700mL | 1 Each", "price": "$29.00", "price_calculation": "$41.43 per 1L", "category": "Liquor"},
{"title": "Rapaura Springs Pinot Noir 750mL | 1 Each", "price": "$18.00", "price_calculation": "$24.00 per 1L", "category": "Liquor"},
{"title": "Belena Pinot Grigio 750mL | 1 Each", "price": "$22.00", "price_calculation": "$29.33 per 1L", "category": "Liquor"},
{"title": "Canadian Club Dry Can 375mL | 24 Pack", "price": "$90.00", "price_calculation": "$10.00 per 1L", "category": "Liquor"},
{"title": "Hanabi Frozen BBQ Pork Buns | 300g", "price": "$8.50", "price_calculation": "$2.83 per 100g", "category": "Frozen"},
{"title": "McCain Frozen BBQ Chicken & Pineapple Family Pizza | 500g", "price": "$8.50", "price_calculation": "$1.70 per 100g", "category": "Frozen"},
{"title": "Sara Lee Frozen  Strawberry Cheesecake | 410g", "price": "$8.50", "price_calculation": "$2.07 per 100g", "category": "Frozen"},
{"title": "Coles Kitchen Asian Salad Kit | 550g", "price": "$7.00", "price_calculation": "$12.73 per 1kg", "category": "Fruit & Vegetables"},
{"title": "McCain Frozen Cheese & Bacon Pizza Pockets | 400g", "price": "$8.50", "price_calculation": "$2.13 per 100g", "category": "Frozen"},
{"title": "Coles Kitchen Classic Coleslaw Salad | 400g", "price": "$5.00", "price_calculation": "$12.50 per 1kg", "category": "Fruit & Vegetables"},
{"title": "Herbert Adams Frozen Gourmet Chunky Sous Vide Beef & Peppercorn Pies 2 pack | 400g", "price": "$9.00", "price_calculation": "$2.25 per 100g", "category": "Frozen"},
{"title": "Coles Kitchen Classic Vegetable Stir Fry | 750g", "price": "$6.50", "price_calculation": "$8.67 per 1kg", "category": "Fruit & Vegetables"},
{"title": "Core Power Foods Deep South Beef Chilli | 350g", "price": "$9.00", "price_calculation": "$2.57 per 100g", "category": "Frozen"},
{"title": "Coles White Flat Mushrooms | 375g", "price": "$7.50", "price_calculation": "$20.00 per 1kg", "category": "Fruit & Vegetables"},
{"title": "King Of Kings Gua Bao Bun | 560g", "price": "$9.30", "price_calculation": "$1.66 per 100g", "category": "Frozen"},
{"title": "Coles Roast Salted Macadamias | 400g", "price": "$15.00", "price_calculation": "$37.50 per 1kg", "category": "Fruit & Vegetables"},
{"title": "King Of Kings Roasted BBQ Pork Bun | 380g", "price": "$9.30", "price_calculation": "$2.45 per 100g", "category": "Frozen"},
{"title": "Coles BBQ Crunch | approx 100g", "price": "$2.00", "price_calculation": "$20.00 per 1kg", "category": "Fruit & Vegetables"},
{"title": "Connoisseur Ice Cream Mini Salted Caramel & Macadamia 6 Pack | 360mL", "price": "$9.50", "price_calculation": "$2.64 per 100mL", "category": "Frozen"},
{"title": "Alfalfa Sprouts Prepacked | 125g", "price": "$2.40", "price_calculation": "$19.20 per 1kg", "category": "Fruit & Vegetables"},
{"title": "McCain Pub Size Chicken & Bacon Bake | 480g", "price": "$9.50", "price_calculation": "$1.98 per 100g", "category": "Frozen"},
{"title": "Coles Kitchen Green Goddess Salad Kit | 350g", "price": "$5.50", "price_calculation": "$15.71 per 1kg", "category": "Fruit & Vegetables"},
{"title": "Oreo Chocolate Wafer Ice Cream Cone With Oreo Biscuit Pieces 4 pack | 475mL", "price": "$9.50", "price_calculation": "$2.00 per 100mL", "category": "Frozen"},
{"title": "Coles Kitchen Family Ranch Salad Kit | 400g", "price": "$5.50", "price_calculation": "$13.75 per 1kg", "category": "Fruit & Vegetables"},
{"title": "Nestle Ice Cream KitKat Ice Cream Stick 4 pack | 360mL", "price": "$9.50", "price_calculation": "$2.64 per 100mL", "category": "Frozen"},
{"title": "Coles Honey & Dijon Soy Crisps | approx 100g", "price": "$1.80", "price_calculation": "$18.00 per 1kg", "category": "Fruit & Vegetables"},
{"title": "My Lil Dumplings Beef Dim Sims | 1.5kg", "price": "$9.50", "price_calculation": "$0.63 per 100g", "category": "Frozen"},
{"title": "Coles Kitchen Broccoli Florets | 150g", "price": "$2.00", "price_calculation": "$13.33 per 1kg", "category": "Fruit & Vegetables"},
{"title": "Streets Golden Gaytime Birthday Cake | 400mL", "price": "$10.00", "price_calculation": "$2.50 per 100mL", "category": "Frozen"},
{"title": "Crunchy Combo Sprouts | 200g", "price": "$2.40", "price_calculation": "$12.00 per 1kg", "category": "Fruit & Vegetables"},
{"title": "Dear Friend Mochi Tokyo | 240g", "price": "$10.00", "price_calculation": "$4.17 per 100g", "category": "Frozen"},
{"title": "Coles Lettuce Decorative Oak Red | 1 each", "price": "$3.20", "price_calculation": "$3.20 per 1ea", "category": "Fruit & Vegetables"},
{"title": "Hanabi Frozen Pork Potstickers | 500g", "price": "$12.50", "price_calculation": "$25.00 per 1kg", "category": "Frozen"},
{"title": "Coles Kitchen Coleslaw Salad | 250g", "price": "$3.50", "price_calculation": "$14.00 per 1kg", "category": "Fruit & Vegetables"},
{"title": "On The Menu Frozen Beef Lasagne | 2kg", "price": "$13.50", "price_calculation": "$0.68 per 100g", "category": "Frozen"},
{"title": "Coles Mini Q's Cucumber | 125g", "price": "$4.90", "price_calculation": "$39.20 per 1kg", "category": "Fruit & Vegetables"},
{"title": "Family Fave's Chicken Chips With Ciabatta Crumb | 1kg", "price": "$21.50", "price_calculation": "$21.50 per 1kg", "category": "Frozen"},
{"title": "Coles Organic Broccoli | 500g", "price": "$6.00", "price_calculation": "$12.00 per 1kg", "category": "Fruit & Vegetables"},
{"title": "Coles Frozen Fish Fillet Crumbed | 425g", "price": "$4.40", "price_calculation": "$10.35 per 1kg", "category": "Frozen"},
{"title": "Market Lane Honey Macadamias | 350g", "price": "$12.00", "price_calculation": "$34.29 per 1kg", "category": "Fruit & Vegetables"},
{"title": "Mr Chen's Prawn Hargow Snack Pack | 126g", "price": "$4.50", "price_calculation": "$3.57 per 100g", "category": "Frozen"},
{"title": "Coles Fresh Chillies Mixed | 200g", "price": "$3.00", "price_calculation": "$15.00 per 1kg", "category": "Fruit & Vegetables"},
{"title": "Coles Vegan Mushroom And Lentil Pies 2 pack | 400g", "price": "$5.60", "price_calculation": "$1.40 per 100g", "category": "Frozen"},
{"title": "Coles Organic Coriander Bunch | 1 bunch", "price": "$4.50", "price_calculation": "$4.50 per 1ea", "category": "Fruit & Vegetables"},
{"title": "McCain Red Box Tray Lasagna  | 400g", "price": "$5.60", "price_calculation": "$1.40 per 100g", "category": "Frozen"},
{"title": "Coles White Onions Loose | approx 160g", "price": "$0.80", "price_calculation": "$5.00 per 1kg", "category": "Fruit & Vegetables"},
{"title": "Birds Eye Seasoned Sides Country Garden | 600g", "price": "$5.60", "price_calculation": "$9.33 per 1kg", "category": "Frozen"},
{"title": "Coles Beetroot Bunch | 1 each", "price": "$5.90", "price_calculation": "$5.90 per 1ea", "category": "Fruit & Vegetables"},
{"title": "Lean Cuisine Beef With Red Wine & Mash | 280g", "price": "$5.60", "price_calculation": "$2.00 per 100g", "category": "Frozen"},
{"title": "Coles Chocolate Pretzels | approx 100g", "price": "$3.00", "price_calculation": "$30.00 per 1kg", "category": "Fruit & Vegetables"},
{"title": "McCain Red Box Tray Pasta Beef Bacon  | 400g", "price": "$5.60", "price_calculation": "$1.40 per 100g", "category": "Frozen"},
{"title": "Gourmet Garden Garlic Cold Blended Paste | 80g", "price": "$4.00", "price_calculation": "$0.50 per 10g", "category": "Fruit & Vegetables"},
{"title": "Frys Meat Free Popcorn Chicken | 290g", "price": "$6.00", "price_calculation": "$20.69 per 1kg", "category": "Frozen"},
{"title": "Coles Eve Apples Medium | approx 200g", "price": null, "price_calculation": null, "category": "Fruit & Vegetables"},
{"title": "Zooper Dooper No Sugar Ice Water | 24 Pack", "price": "$6.50", "price_calculation": "$0.39 per 100mL", "category": "Frozen"},
{"title": "Coles Durian Loose | 1 each", "price": "$37.76", "price_calculation": "$18.88 per 1kg", "category": "Fruit & Vegetables"},
{"title": "I&J Original Crumbed Fish Fillets | 425g", "price": "$6.50", "price_calculation": "$15.29 per 1kg", "category": "Frozen"},
{"title": "Coles Supreme Roasted Unsalted Mixed Nuts | approx 100g", "price": "$3.10", "price_calculation": "$31.00 per 1kg", "category": "Fruit & Vegetables"},
{"title": "Coles Frozen Bake At Home Pain Au Chocolat 6Pack | 420g", "price": "$6.70", "price_calculation": "$1.60 per 100g", "category": "Frozen"},
{"title": "Coles Supreme Roasted Salted Mixed Nuts | approx 100g", "price": "$3.10", "price_calculation": "$31.00 per 1kg", "category": "Fruit & Vegetables"},
{"title": "Coles Dental Stick Daily Oral Care Dog Treat | 7 pack", "price": "$3.00", "price_calculation": "$0.43 per 1ea", "category": "Pet"},
{"title": "Birds Eye Deli Parmesan & Garlic Mash | 600g", "price": "$6.80", "price_calculation": "$11.33 per 1kg", "category": "Frozen"},
{"title": "Coles Black Seedless Grapes Prepacked | 500g", "price": "$5.00", "price_calculation": "$10.00 per 1kg", "category": "Fruit & Vegetables"},
{"title": "Farmers Market Adult Wet Dog Food Lamb Stew With Vegetables and Brown Rice | 400g", "price": "$3.50", "price_calculation": "$0.88 per 100g", "category": "Pet"},
{"title": "Vegie Delights Plant Based Chicken Style Burgers 4 Pack | 300g", "price": "$7.00", "price_calculation": "$2.33 per 100g", "category": "Frozen"},
{"title": "Coles Chilli & Maple Cashews | approx 100g", "price": "$3.50", "price_calculation": "$35.00 per 1kg", "category": "Fruit & Vegetables"},
{"title": "Farmers Market Adult Wet Dog Food Chicken Stew With Vegetables and Brown Rice | 400g", "price": "$3.50", "price_calculation": "$0.88 per 100g", "category": "Pet"},
{"title": "The Bare Bird Chicken Breast Fillets | 500g", "price": "$11.00", "price_calculation": "$22.00 per 1kg", "category": "Meat & Seafood"},
{"title": "Dr. Oetker Frozen Papa Giuseppi's Rising Stuffed Crust Pepperoni Pizza | 470g", "price": "$7.00", "price_calculation": "$1.49 per 100g", "category": "Frozen"},
{"title": "Gourmet Garden Lightly Dried Basil | 10g", "price": "$4.00", "price_calculation": "$4.00 per 10g", "category": "Fruit & Vegetables"},
{"title": "Nature's Gift Mini Dog Treats Kangaroo | 130g", "price": "$3.50", "price_calculation": "$2.69 per 100g", "category": "Pet"},
{"title": "Coles Pork Fillet | approx 400g", "price": "$8.40", "price_calculation": "$21.00 per 1kg", "category": "Meat & Seafood"},
{"title": "Streets Blue Ribbon Low Fat Ice Cream Choc Mint | 2L", "price": "$7.00", "price_calculation": "$0.35 per 100mL", "category": "Frozen"},
{"title": "Coles Kitchen Salad Extra Creamy Coleslaw Kit | 500g", "price": "$4.50", "price_calculation": "$9.00 per 1kg", "category": "Fruit & Vegetables"},
{"title": "Prime Pantry Nibbles Cat Treat Chicken | 40g", "price": "$4.30", "price_calculation": "$10.75 per 100g", "category": "Pet"},
{"title": "Coles Tasmanian Salmon Portions Skin Off | 280g", "price": "$13.00", "price_calculation": "$46.43 per 1kg", "category": "Meat & Seafood"},
{"title": "Seiki Compact Food Processor | 1 each", "price": "$35.00", "price_calculation": "$35.00 per 1ea", "category": "Household"},
{"title": "Capi All Australian Sparkling Water 4x250ml | 250mL", "price": "$6.00", "price_calculation": "$6.00 per 1L", "category": "Drinks"},
{"title": "Vegie Delights Vegie Delights Plant Based Lentil Burgers 4 Pack | 300g", "price": "$7.00", "price_calculation": "$2.33 per 100g", "category": "Frozen"},
{"title": "Coles Bananas Red Tipped | approx 180g", "price": "$0.99", "price_calculation": "$5.50 per 1kg", "category": "Fruit & Vegetables"},
{"title": "Woofin Good Kangaroo Jerky Strips Dog Treat | 100g", "price": "$5.00", "price_calculation": "$5.00 per 100g", "category": "Pet"},
{"title": "Coles RSPCA Approved Free Range Chicken Maryland | approx 800g", "price": "$8.00", "price_calculation": "$10.00 per 1kg", "category": "Meat & Seafood"},
{"title": "Air Wick Essential Mist Prime Happiness | 1 pack", "price": "$35.00", "price_calculation": "$35.00 per 1ea", "category": "Household"},
{"title": "Bickford's Blackcurrant Fruit Juice Syrup  Bottle | 750mL", "price": "$6.00", "price_calculation": "$8.00 per 1L", "category": "Drinks"},
{"title": "Ben & Jerry's Non Dairy Salt Caramel Brownie | 458mL", "price": "$7.25", "price_calculation": "$1.58 per 100mL", "category": "Frozen"},
{"title": "Coles Pumpkin Seeds | approx 100g", "price": "$2.00", "price_calculation": "$20.00 per 1kg", "category": "Fruit & Vegetables"},
{"title": "Trill Bird Seed Cockatiel Mix | 1.8Kg", "price": "$6.00", "price_calculation": null, "category": "Pet"},
{"title": "Coles RSPCA Approved Chicken Whole Boneless Herb & Garlic | approx 850g", "price": "$9.35", "price_calculation": "$11.00 per 1kg", "category": "Meat & Seafood"},
{"title": "Air Wick Essential Mist Prime Peace | 1 pack", "price": "$35.00", "price_calculation": "$35.00 per 1ea", "category": "Household"},
{"title": "Mount Franklin Lightly Sparkling WaterLime Multipack Bottles 4 x 450mL | 4 pack", "price": "$6.30", "price_calculation": "$3.50 per 1L", "category": "Drinks"},
{"title": "Ben & Jerrys Ice Cream Hazelnut In Chocolate Sundae | 427mL", "price": "$7.25", "price_calculation": "$1.70 per 100mL", "category": "Frozen"},
{"title": "Coles Black Sesame Crackers | approx 100g", "price": "$2.50", "price_calculation": "$25.00 per 1kg", "category": "Fruit & Vegetables"},
{"title": "Fancy Feast Royale Broths Tuna Surimi & Prawn Cat Food 4x40g | 4 pack", "price": "$6.00", "price_calculation": "$3.75 per 100g", "category": "Pet"},
{"title": "Coles No Added Hormone Beef Sandwich Steak | 400g", "price": "$12.00", "price_calculation": "$30.00 per 1kg", "category": "Meat & Seafood"},
{"title": "Marketlane Set Of Two Block Out Curtains | 2 pack", "price": "$39.99", "price_calculation": "$20.00 per 1ea", "category": "Household"},
{"title": "Schweppes Bitter Lemon Mixers 4X300Ml | 4 pack", "price": "$6.90", "price_calculation": "$5.75 per 1L", "category": "Drinks"},
{"title": "Amy's Kitchen Frozen Gluten Free Rice Mac & Cheese Pasta | 255g", "price": "$7.90", "price_calculation": "$3.10 per 100g", "category": "Frozen"},
{"title": "Fresh Jalapeno Chillies | approx 34g", "price": "$1.02", "price_calculation": "$30.00 per 1kg", "category": "Fruit & Vegetables"},
{"title": "Woofin Good Beef Jerky Dog Treat | 100g", "price": null, "price_calculation": null, "category": "Pet"},
{"title": "Lilydale Free Range Chicken Breast Fillets Small Pack  | approx 600g", "price": "$11.70", "price_calculation": "$19.50 per 1kg", "category": "Meat & Seafood"},
{"title": "Curtis Stone 28cm Grill Pan | 1 each", "price": "$40.00", "price_calculation": "$40.00 per 1ea", "category": "Household"},
{"title": "Remedy Kombucha Ginger | 1.25L", "price": "$6.95", "price_calculation": "$5.56 per 1L", "category": "Drinks"},
{"title": "Streets Viennetta Classic Vanilla Ice Cream Cake | 650mL", "price": "$8.00", "price_calculation": "$1.23 per 100mL", "category": "Frozen"},
{"title": "Coles Kitchen Cauliflower Rice | 300g", "price": "$3.00", "price_calculation": "$10.00 per 1kg", "category": "Fruit & Vegetables"},
{"title": "Applaws Fish Selection In Jelly Cat Food Pouch | 5 pack", "price": "$7.25", "price_calculation": "$2.90 per 100g", "category": "Pet"},
{"title": "Coles Pork Sizzle Steaks | 400g", "price": "$8.00", "price_calculation": "$20.00 per 1kg", "category": "Meat & Seafood"},
{"title": "Moki Go Lightning To USB Syncharge Cable 3M King Size (Mfi) | 3m", "price": "$40.00", "price_calculation": "$13.33 per 1M", "category": "Household"},
{"title": "Twining's Camomile Honey & Vanilla Infusions Tea Bags | 40 pack", "price": "$7.00", "price_calculation": "$0.18 per 1ea", "category": "Drinks"},
{"title": "On The Menu Chicken With Wedges Beans & Sauce | 480g", "price": "$8.00", "price_calculation": "$1.67 per 100g", "category": "Frozen"},
{"title": "Coles Kitchen Beetslaw Salad Kit | 320g", "price": "$5.50", "price_calculation": "$17.19 per 1kg", "category": "Fruit & Vegetables"},
{"title": "Peters Alfalfa & Fruit Rabbit & Guinea Pig Food | 2kg", "price": "$7.40", "price_calculation": "$0.37 per 100g", "category": "Pet"},
{"title": "Coles Pork Forequarter Cutlets | approx 750g", "price": "$9.38", "price_calculation": "$12.50 per 1kg", "category": "Meat & Seafood"},
{"title": "Sabco Superswish Xtra Mop | 1 each", "price": "$42.00", "price_calculation": "$42.00 per 1ea", "category": "Household"},
{"title": "Sustagen Dutch Chocolate Powder | 550g", "price": "$7.50", "price_calculation": "$1.36 per 100g", "category": "Drinks"},
{"title": "Magnum Gold Almond Remix Ice Cream 4 Pack | 360mL", "price": "$8.00", "price_calculation": "$2.22 per 100mL", "category": "Frozen"},
{"title": "Coles Dried Banana Chips | 400g", "price": "$5.50", "price_calculation": "$13.75 per 1kg", "category": "Fruit & Vegetables"},
{"title": "Wag Single Ingredient Beef Jerky Dog Treat | 100g", "price": "$7.50", "price_calculation": "$7.50 per 100g", "category": "Pet"},
{"title": "Lilydale Free Range Chicken Thigh Fillets Bulk Pack               | approx 900g", "price": "$18.00", "price_calculation": "$20.00 per 1kg", "category": "Meat & Seafood"},
{"title": "Audeeo Escape True Wireless Sport Ear Buds | 1 pack", "price": "$42.00", "price_calculation": "$42.00 per 1ea", "category": "Household"},
{"title": "Remedy Kombucha Organic Orange Squeeze | 750mL", "price": "$7.50", "price_calculation": "$10.00 per 1L", "category": "Drinks"},
{"title": "Magnum Ice Cream White 4Pack | 428mL", "price": "$8.00", "price_calculation": "$1.87 per 100mL", "category": "Frozen"},
{"title": "Coles Kitchen Coleslaw Salad | 800g", "price": "$6.50", "price_calculation": "$8.13 per 1kg", "category": "Fruit & Vegetables"},
{"title": "Optimum Dog Food Chicken And Rice | 6 pack", "price": "$8.00", "price_calculation": "$1.33 per 100g", "category": "Pet"},
{"title": "Coles Boneless Pork Shoulder Roast | approx 2.6kg", "price": "$23.40", "price_calculation": "$9.00 per 1kg", "category": "Meat & Seafood"},
{"title": "Brita Marella XL Water Filter Jug 3.5L | 1 each", "price": "$43.00", "price_calculation": "$43.00 per 1ea", "category": "Household"},
{"title": "Lo Bros Kombucha Pineapple Lime 4x250mL | 4 pack", "price": "$8.75", "price_calculation": "$8.75 per 1L", "category": "Drinks"},
{"title": "Charlotte's Bakery Slow Cooked Beef Pies 2 Pack | 400g", "price": "$8.20", "price_calculation": "$2.05 per 100g", "category": "Frozen"},
{"title": "Coles Organic Royal Gala Apples | 1kg", "price": "$7.50", "price_calculation": "$7.50 per 1kg", "category": "Fruit & Vegetables"},
{"title": "Optimum Dog Food Lamb And Rice | 6 pack", "price": "$8.00", "price_calculation": "$1.33 per 100g", "category": "Pet"},
{"title": "Coles Beef Gravy | 800g", "price": "$15.00", "price_calculation": "$18.75 per 1kg", "category": "Meat & Seafood"},
{"title": "Tefal Easy Clean Frypan | 1 each", "price": "$45.00", "price_calculation": "$45.00 per 1ea", "category": "Household"},
{"title": "Nescafe Dolce Gusto Cappuccino Capsules 16 pack | 186g", "price": "$10.00", "price_calculation": "$0.63 per 1ea", "category": "Drinks"},
{"title": "Golden Wok Frozen Diana Chan's Thai Chicken Dumplings | 230g", "price": "$8.50", "price_calculation": "$3.70 per 100g", "category": "Frozen"},
{"title": "Coles Organic Pink Lady Apple | 1kg", "price": "$7.80", "price_calculation": "$7.80 per 1kg", "category": "Fruit & Vegetables"},
{"title": "Optimum Dog Food Salmon And Rice 6x100g | 6 pack", "price": "$8.00", "price_calculation": "$1.33 per 100g", "category": "Pet"},
{"title": "Coles Pork Spare Ribs | approx 330g", "price": "$6.93", "price_calculation": "$21.00 per 1kg", "category": "Meat & Seafood"},
{"title": "Tefal City Cook Frypan 26cm | 1 each", "price": "$45.00", "price_calculation": "$45.00 per 1ea", "category": "Household"},
{"title": "Nescafe Dolce Gusto Americano Coffee Capsules 16 pack | 128g", "price": "$10.00", "price_calculation": "$0.63 per 1ea", "category": "Drinks"},
{"title": "Golden Wok Diana Chan Honey Soy Chicken Dumplings | 230g", "price": "$8.50", "price_calculation": "$3.70 per 100g", "category": "Frozen"},
{"title": "Coles Salted Caramel Trio | approx 100g", "price": "$3.00", "price_calculation": "$30.00 per 1kg", "category": "Fruit & Vegetables"},
{"title": "Fussy Cat Grain Free Twice as Tasty Adult Wet Cat Food Bites & Chicken Gravy 12x80gm | 12 pack", "price": "$9.45", "price_calculation": "$0.98 per 100g", "category": "Pet"},
{"title": "Coles RSPCA Approved Chicken Giblets         | approx 600g", "price": "$4.50", "price_calculation": "$7.50 per 1kg", "category": "Meat & Seafood"},
{"title": "Blaupunkt Mini Soundbar With Rechargeable Battery | 1 each", "price": "$49.99", "price_calculation": "$49.99 per 1ea", "category": "Household"},
{"title": "V Energy Refresh Drink Citrus Lemonade 4x250mL | 4 pack", "price": "$10.00", "price_calculation": "$10.00 per 1L", "category": "Drinks"},
{"title": "Coles I'M Free From Beef Pies | 340g", "price": "$8.70", "price_calculation": "$2.56 per 100g", "category": "Frozen"},
{"title": "Coles Symphony Lettuce Decorative | 1 each", "price": "$3.20", "price_calculation": "$3.20 per 1ea", "category": "Fruit & Vegetables"},
{"title": "Fussy Cat Fish Lovers Cat Food Pouch 12x80g | 12 pack", "price": "$9.45", "price_calculation": "$0.98 per 100g", "category": "Pet"},
{"title": "Coles Graze Grassfed Beef Scotch Fillet Steak | 250g", "price": "$13.00", "price_calculation": "$52.00 per 1kg", "category": "Meat & Seafood"},
{"title": "Urbanworx Flexible Laptop Stand | 1 each", "price": "$49.99", "price_calculation": "$49.99 per 1ea", "category": "Household"},
{"title": "Grinders Rich & Bold Espresso Ground Coffee | 200g", "price": "$11.00", "price_calculation": "$5.50 per 100g", "category": "Drinks"},
{"title": "Core Power Foods Crunchy Satay Chicken | 350g", "price": "$9.00", "price_calculation": "$2.57 per 100g", "category": "Frozen"},
{"title": "Coles Kitchen Stir Fry Superfood | 250g", "price": "$3.50", "price_calculation": "$14.00 per 1kg", "category": "Fruit & Vegetables"},
{"title": "Fussy Cat Kitten Cat Food Pouch 12x80g | 12 pack", "price": "$9.45", "price_calculation": "$0.98 per 100g", "category": "Pet"},
{"title": "Coles RSPCA Approved Free Range Chicken Tenderloins | approx 600g", "price": "$12.00", "price_calculation": "$20.00 per 1kg", "category": "Meat & Seafood"},
{"title": "Urbanworx Dash Camera | 1 each", "price": "$49.99", "price_calculation": "$49.99 per 1ea", "category": "Household"},
{"title": "Red Bull Sugar Free Energy Drink Acai 4x250mL | 4 pack", "price": "$11.25", "price_calculation": "$11.25 per 1L", "category": "Drinks"},
{"title": "Coles Red Darling Brussels Sprouts | 400g", "price": null, "price_calculation": null, "category": "Fruit & Vegetables"},
{"title": "My Dog Classic Loaf With Tender Chicken 6X100G Wet Dog Food | 6 pack", "price": "$9.50", "price_calculation": "$1.58 per 100g", "category": "Pet"},
{"title": "Coles Pork Loin Chops | approx 400g", "price": "$6.80", "price_calculation": "$17.00 per 1kg", "category": "Meat & Seafood"},
{"title": "Magic Bullet Make Magic 3 Piece | 1 each", "price": "$55.00", "price_calculation": "$55.00 per 1ea", "category": "Household"},
{"title": "Moccona Cafe Classics Cappuccino Sachets | 30 pack", "price": "$12.00", "price_calculation": "$0.40 per 1ea", "category": "Drinks"},
{"title": "Coles Mushrooms Mince | 300g", "price": "$5.50", "price_calculation": "$18.33 per 1kg", "category": "Fruit & Vegetables"},
{"title": "My Dog Adult Wet Dog Food Select Toppings With Tender Chicken & Cheese 6x100G Trays | 6 pack", "price": "$9.50", "price_calculation": "$1.58 per 100g", "category": "Pet"},
{"title": "Coles RSPCA Approved Chicken Breast Fillet Crumb Sage & Rosemary | 400g", "price": "$10.00", "price_calculation": "$25.00 per 1kg", "category": "Meat & Seafood"},
{"title": "Sunbeam Stainless Steel Kettle 1.7L | 1 each", "price": "$59.00", "price_calculation": "$59.00 per 1ea", "category": "Household"},
{"title": "Nescafe Gold Intense Coffee | 200g", "price": "$15.00", "price_calculation": "$7.50 per 100g", "category": "Drinks"},
{"title": "Schmackos Marrowbones Dog Treats | 737g", "price": "$10.00", "price_calculation": "$1.36 per 100g", "category": "Pet"},
{"title": "Cleaver's Beef Mince Free Range Extra Lean Organic                                                                                        | 500g", "price": "$15.00", "price_calculation": "$30.00 per 1kg", "category": "Meat & Seafood"},
{"title": "Optus X Lite 4G | 1 each", "price": "$59.00", "price_calculation": "$59.00 per 1ea", "category": "Household"},
{"title": "Mountain Dew Soft Drink | 24 pack", "price": "$31.85", "price_calculation": "$3.54 per 1L", "category": "Drinks"},
{"title": "Pedigree Dry Dog Food Beef & Vegetables | 3kg", "price": "$11.00", "price_calculation": "$0.37 per 100g", "category": "Pet"},
{"title": "Coles Finest Italian Style Pork Sausages | 500g", "price": "$8.00", "price_calculation": "$16.00 per 1kg", "category": "Meat & Seafood"},
{"title": "Curtis Stone Saute Pan 3.5L | 1 each", "price": "$60.00", "price_calculation": "$60.00 per 1ea", "category": "Household"},
{"title": "Nexba Crafted Sugar Free Vintage Cola | 1L", "price": "$2.00", "price_calculation": "$2.00 per 1L", "category": "Drinks"},
{"title": "Whiskas Favourites Beef In Jelly Cat Food 12x85g | 12 pack", "price": "$12.00", "price_calculation": "$1.18 per 100g", "category": "Pet"},
{"title": "Coles RSPCA Approved Chicken Livers | approx 600g", "price": "$5.40", "price_calculation": "$9.00 per 1kg", "category": "Meat & Seafood"},
{"title": "Brita Premium Limescale XL Water Filter Jug | 1 each", "price": "$60.00", "price_calculation": "$60.00 per 1ea", "category": "Household"},
{"title": "Nexba Crafted Sugar Free Orange | 1L", "price": "$2.00", "price_calculation": "$2.00 per 1L", "category": "Drinks"},
{"title": "Whiskas Favourites Tuna In Jelly Cat Food 12x85g | 12 pack", "price": "$12.00", "price_calculation": "$1.18 per 100g", "category": "Pet"},
{"title": "Coles Basa Portions Skin Off 2 Pack | 260g", "price": "$5.00", "price_calculation": "$19.23 per 1kg", "category": "Meat & Seafood"},
{"title": "Finish Ultimate Plus All In 1 Fresh | 45 each", "price": "$62.00", "price_calculation": "$137.78 per 100ea", "category": "Household"},
{"title": "Sunraysia Cranberry Juice Bottle | 250mL", "price": "$2.10", "price_calculation": "$8.40 per 1L", "category": "Drinks"},
{"title": "Dine Classic Collection Pouch Cat Food Fish Selection In Jelly 12x85g | 12 pack", "price": "$12.00", "price_calculation": "$1.18 per 100g", "category": "Pet"},
{"title": "Coles Deli RSPCA Approved Chicken Breast Kebab Honey Soy | 1 each", "price": "$1.10", "price_calculation": "$1.10 per 1ea", "category": "Meat & Seafood"},
{"title": "Nutribullet 600 Series | 1 each", "price": "$79.00", "price_calculation": "$79.00 per 1ea", "category": "Household"},
{"title": "Viva Lime Cordial | 1L", "price": "$2.20", "price_calculation": "$2.20 per 1L", "category": "Drinks"},
{"title": "Whiskas Chicken & Turkey Adult Dry Cat Food | 1.8kg", "price": "$14.00", "price_calculation": "$0.78 per 100g", "category": "Pet"},
{"title": "Coles Graze Grass Fed Beef Meatballs | 420g", "price": "$7.50", "price_calculation": "$17.86 per 1kg", "category": "Meat & Seafood"},
{"title": "Seiki 2000W Digital Ceramic Tower Heater | 1 each", "price": "$85.00", "price_calculation": "$85.00 per 1ea", "category": "Household"},
{"title": "Powerade Active Water Sports Drink Mango | 600mL", "price": "$2.30", "price_calculation": "$3.83 per 1L", "category": "Drinks"},
{"title": "Temptations Tasty Chicken Cat Treat | 350g", "price": "$14.00", "price_calculation": "$4.00 per 100g", "category": "Pet"},
{"title": "The Bare Bird Whole Chicken | approx 1.6kg", "price": "$13.60", "price_calculation": "$8.50 per 1kg", "category": "Meat & Seafood"},
{"title": "Telstra Essential 2 4GX | 1 each", "price": "$99.00", "price_calculation": "$99.00 per 1ea", "category": "Household"},
{"title": "Harris Coffee Filter Papers 10-12 Cup Size 4 | 1 pack", "price": "$3.00", "price_calculation": "$0.08 per 1ea", "category": "Drinks"},
{"title": "Felix Sensations Sauce Meat Selection Cat Food 85g | 12 pack", "price": "$14.50", "price_calculation": "$1.42 per 100g", "category": "Pet"},
{"title": "Coles Boneless Pork Leg Roast | approx 2.1kg", "price": "$19.95", "price_calculation": "$9.50 per 1kg", "category": "Meat & Seafood"},
{"title": "Telstra Nokia C30 | 1 each", "price": "$129.00", "price_calculation": "$129.00 per 1ea", "category": "Household"},
{"title": "Coles Coffee Whitener Regular | 500g", "price": "$3.20", "price_calculation": "$0.64 per 100g", "category": "Drinks"},
{"title": "Breeder's Choice Plus Probiotic Cat Litter | 9L", "price": "$15.00", "price_calculation": "$1.67 per 1L", "category": "Pet"},
{"title": "Tassal Fresh Tassie Salmon Portions Skin Off | 300g", "price": "$15.00", "price_calculation": "$50.00 per 1kg", "category": "Meat & Seafood"},
{"title": "Apple iPhone 8 64GB Premium Refurbished Phone | 1 each", "price": "$199.00", "price_calculation": "$199.00 per 1ea", "category": "Household"},
{"title": "Higher Living Organic Licorice Tea Bags | 15 pack", "price": "$3.50", "price_calculation": "$0.23 per 1ea", "category": "Drinks"},
{"title": "Purina Dentalife Chewy Dog Treat Small/Medium | 25 pack", "price": "$17.30", "price_calculation": "$0.69 per 1ea", "category": "Pet"},
{"title": "Coles Cooked Prawns With Cocktail Sauce | 260g", "price": "$10.00", "price_calculation": "$38.46 per 1kg", "category": "Meat & Seafood"},
{"title": "Optus Optus Oppo A16s | 1 each", "price": "$249.00", "price_calculation": "$249.00 per 1ea", "category": "Household"},
{"title": "Fruit Co Juice Plus + Apple Banana Mango | 2L", "price": "$3.50", "price_calculation": "$1.75 per 1L", "category": "Drinks"},
{"title": "Supercoat Adult With Beef Dry Dog Food | 2.8kg", "price": "$18.00", "price_calculation": "$0.64 per 100g", "category": "Pet"},
{"title": "Coles Pork Belly Roast Boneless | approx 1.3kg", "price": "$24.70", "price_calculation": "$19.00 per 1kg", "category": "Meat & Seafood"},
{"title": "Cook & Dine Patterned Dinner Plate | 1 each", "price": "$4.00", "price_calculation": "$4.00 per 1ea", "category": "Household"},
{"title": "Golden Circle 50% Less Sugar Orange Juice | 2L", "price": "$3.50", "price_calculation": "$1.75 per 1L", "category": "Drinks"},
{"title": "Optimum Grainfree Dry Cat Food Sensitive Oceanfish | 1.8kg", "price": "$19.00", "price_calculation": "$1.06 per 100g", "category": "Pet"},
{"title": "Coles Gluten Free Beef Burgers Graze Grass Fed Oregano & Fresh Parsley | 500g", "price": "$9.00", "price_calculation": "$18.00 per 1kg", "category": "Meat & Seafood"},
{"title": "Coles Stamp Set | 26 pack", "price": "$7.20", "price_calculation": "$0.28 per 1ea", "category": "Household"},
{"title": "The Juice Lab Wellness Shot Immunity | 60mL", "price": "$3.50", "price_calculation": "$5.83 per 1L", "category": "Drinks"},
{"title": "Optimum Adult Toy / Small Breed With Chicken Vegetables & Rice Dry Dog Food | 3kg", "price": "$22.00", "price_calculation": "$0.73 per 100g", "category": "Pet"},
{"title": "Coles Graze Grass Fed No Added Hormone Oyster Blade Thin Sliced Steak | 400g", "price": "$10.00", "price_calculation": "$25.00 per 1kg", "category": "Meat & Seafood"},
{"title": "Mirabella Globe Led Es Candle 5.5w 470 Lumens | 1 each", "price": "$7.25", "price_calculation": "$7.25 per 1ea", "category": "Household"},
{"title": "Australia's Own Organic Oat Milk | 1L", "price": "$3.50", "price_calculation": "$3.50 per 1L", "category": "Drinks"},
{"title": "Whiskas 1+ Mixed Favourites In Jelly Cat Food 24x85g | 24 pack", "price": "$24.00", "price_calculation": "$1.18 per 100g", "category": "Pet"},
{"title": "Coles RSPCA Approved Chicken Breast Schnitzel Garlic & Herb Crumb | 600g", "price": "$10.50", "price_calculation": "$17.50 per 1kg", "category": "Meat & Seafood"},
{"title": "Aerogard Repellent For Kids Pump Spray | 135mL", "price": "$12.00", "price_calculation": "$8.89 per 100mL", "category": "Household"},
{"title": "Coles Coffee Machine Descaler | 250mL", "price": "$4.00", "price_calculation": "$1.60 per 100mL", "category": "Drinks"},
{"title": "Optimum Puppy Chicken Dry Dog Food | 7kg", "price": "$33.50", "price_calculation": "$0.48 per 100g", "category": "Pet"},
{"title": "Coles Butcher Lamb Leg Roast Boneless | approx 1.08kg", "price": "$19.44", "price_calculation": "$18.00 per 1kg", "category": "Meat & Seafood"},
{"title": "3-in-one Easy Slide Silicone | 300g", "price": "$12.70", "price_calculation": "$12.70 per 1ea", "category": "Household"},
{"title": "Capi Sunset Tonic | 750mL", "price": "$4.00", "price_calculation": "$5.33 per 1L", "category": "Drinks"},
{"title": "Pet Treat Bar Kangaroo Tail Disks | approx 100g", "price": "$6.00", "price_calculation": "$60.00 per 1kg", "category": "Pet"},
{"title": "Ocean Blue Sliced Smoked Salmon | 100g", "price": "$7.50", "price_calculation": "$75.00 per 1kg", "category": "Meat & Seafood"},
{"title": "Smash Blue Stainless Steel Meal Box 600mL | 1 each", "price": "$20.00", "price_calculation": "$20.00 per 1ea", "category": "Household"},
{"title": "Nerada Tea Bags 100 pack | 200g", "price": "$4.20", "price_calculation": "$0.04 per 1ea", "category": "Drinks"},
{"title": "Pet Treat Bar Inner Health Dog Biscuits | approx 100g", "price": "$6.00", "price_calculation": "$60.00 per 1kg", "category": "Pet"},
{"title": "Coles RSPCA Approved Chicken Drumsticks With Mediterranean Glaze | approx 800g", "price": "$6.40", "price_calculation": "$8.00 per 1kg", "category": "Meat & Seafood"},
{"title": "Scholl Gel Activ Everyday Women | 1 each", "price": "$30.00", "price_calculation": null, "category": "Household"},
{"title": "Fever-Tree Premium Mixers Mediterranean Light Tonic | 500mL", "price": "$4.40", "price_calculation": "$8.80 per 1L", "category": "Drinks"},
{"title": "Pet Treat Bar Veggie Booster Chew | approx 100g", "price": "$6.00", "price_calculation": "$60.00 per 1kg", "category": "Pet"},
{"title": "Coles Finest Sausages Beef Garlic Parsley | 500g", "price": "$8.00", "price_calculation": "$16.00 per 1kg", "category": "Meat & Seafood"},
{"title": "Seiki Heated Throw Blanket | 1 each", "price": "$52.00", "price_calculation": "$52.00 per 1ea", "category": "Household"},
{"title": "Queen Victoria Tea Sleepy Blend Tea Bags | 18 pack", "price": "$4.50", "price_calculation": "$0.25 per 1ea", "category": "Drinks"},
{"title": "Farmers Market Grain Free Adult Wet Cat Food Chicken Mousse With Shredded Tuna and Veg | 80g", "price": "$1.10", "price_calculation": "$1.38 per 100g", "category": "Pet"},
{"title": "Lilydale Free Range Chicken Breast Strips Crumbed | 400g", "price": "$11.50", "price_calculation": "$28.75 per 1kg", "category": "Meat & Seafood"},
{"title": "Redkite $1 Donation | 1 each", "price": "$1.00", "price_calculation": "$1.00 per 1ea", "category": "Household"},
{"title": "Mr D's Blue Lemonade Drink | 2L", "price": "$4.60", "price_calculation": "$2.30 per 1L", "category": "Drinks"},
{"title": "Farmers Market Grain Free Adult Wet Cat Food Tuna Mousse With Chicken and Veg | 80g", "price": "$1.10", "price_calculation": "$1.38 per 100g", "category": "Pet"},
{"title": "Coles No Added Hormone Beef Roast Topside | approx 1.3kg", "price": "$20.80", "price_calculation": "$16.00 per 1kg", "category": "Meat & Seafood"},
{"title": "Coles On Line Charity Appeals Donation Guide Dogs | 1 each", "price": "$1.00", "price_calculation": "$1.00 per 1ea", "category": "Household"},
{"title": "Lo Bros Kombucha Raspberry & Blackcurrant | 750mL", "price": "$5.00", "price_calculation": "$6.67 per 1L", "category": "Drinks"},
{"title": "Cleaver's Beef Mince Free Range Organic                                                                                                    | 500g", "price": "$12.50", "price_calculation": "$25.00 per 1kg", "category": "Meat & Seafood"},
{"title": "My Dog Select Toppings With Juicy Lamb & Garden Vegetables Adult Wet Dog Food | 100g", "price": "$1.70", "price_calculation": "$1.70 per 100g", "category": "Pet"},
{"title": "Ocean Blue Sliced Smoked Salmon | 180g", "price": "$10.50", "price_calculation": "$58.34 per 1kg", "category": "Meat & Seafood"},
{"title": "Coles Curling Ribbon | 1 each", "price": "$1.30", "price_calculation": "$1.30 per 1ea", "category": "Household"},
{"title": "Nerada Organics Pure Chai Tea Bags 50 pack | 92.5g", "price": "$5.10", "price_calculation": "$0.10 per 1ea", "category": "Drinks"},
{"title": "Coles Beef Fillet Steak | 450g", "price": "$23.50", "price_calculation": "$52.22 per 1kg", "category": "Meat & Seafood"},
{"title": "Optimum Grain Free Lamb & Green Beans Wet Dog Food Trays | 85g", "price": "$1.80", "price_calculation": "$2.12 per 100g", "category": "Pet"},
{"title": "Coles Beef Soup Bones Vac | approx 1.1kg", "price": "$7.70", "price_calculation": "$7.00 per 1kg", "category": "Meat & Seafood"},
{"title": "Mirabella Pilot Globe 15 watt Bayonet Cap Clear | 2 pack", "price": "$2.75", "price_calculation": "$1.38 per 1ea", "category": "Household"},
{"title": "Bickford's Cloudy Pear Juice | 1L", "price": "$5.20", "price_calculation": "$5.20 per 1L", "category": "Drinks"},
{"title": "McCormick Grill Mates Tennessee Smokehouse BBQ Rub | 40g", "price": "$2.50", "price_calculation": "$0.63 per 10g", "category": "Meat & Seafood"},
{"title": "Fancy Feast Royale Broths Tuna Surimi Prawn Cat Food | 40g", "price": "$1.90", "price_calculation": "$4.75 per 100g", "category": "Pet"},
{"title": "Coles RSPCA Approved Free Range Chicken Lovely Legs | approx 600g", "price": "$6.30", "price_calculation": "$10.50 per 1kg", "category": "Meat & Seafood"},
{"title": "Coles Glitter Number Candle No 6 | 1 each", "price": "$1.40", "price_calculation": "$1.40 per 1ea", "category": "Household"},
{"title": "Bickford's Grape Juice | 1L", "price": "$5.20", "price_calculation": "$5.20 per 1L", "category": "Drinks"},
{"title": "Coles Beef T Bone Steak | approx 500g", "price": "$15.00", "price_calculation": "$30.00 per 1kg", "category": "Meat & Seafood"},
{"title": "Optimum Urinary Care 1+ Years Chunks In Jelly With Ocean Fish Grainfree Cat Food Pouch | 85g", "price": "$2.10", "price_calculation": "$2.47 per 100g", "category": "Pet"},
{"title": "Coles No Added Hormone Beef Brisket Slow Cook | approx 1.4kg", "price": "$23.80", "price_calculation": "$17.00 per 1kg", "category": "Meat & Seafood"},
{"title": "Fight MND $2 Donation | 1 each", "price": "$2.00", "price_calculation": "$2.00 per 1ea", "category": "Household"},
{"title": "Cocobella Chocolate Flavoured Coconut Water | 1L", "price": "$5.50", "price_calculation": "$5.50 per 1L", "category": "Drinks"},
{"title": "Coles Lamb Cutlets | approx 320g", "price": "$13.76", "price_calculation": "$43.00 per 1kg", "category": "Meat & Seafood"},
{"title": "Dine Desire Tuna Slices in Jus Grain Free Wet Cat Food Can | 85g", "price": "$2.30", "price_calculation": "$2.71 per 100g", "category": "Pet"},
{"title": "Korbond Compact Needles Assorted Sizes | 1 pack", "price": "$2.20", "price_calculation": "$2.20 per 1ea", "category": "Household"},
{"title": "L'OR Espresso Lungo Estremo Intensity 10 Coffee Capsules 52g | 10 pack", "price": "$5.50", "price_calculation": "$0.55 per 1ea", "category": "Drinks"},
{"title": "Ocean Blue Sliced Smoked Salmon | 50g", "price": "$4.90", "price_calculation": "$98.00 per 1kg", "category": "Meat & Seafood"},
{"title": "Fancy Feast Royale Tuna Shrimp Cat Food | 85g", "price": "$2.30", "price_calculation": "$2.71 per 100g", "category": "Pet"},
{"title": "Mix Kids Protective Re-usable Face Mask | 1 each", "price": "$2.50", "price_calculation": "$2.50 per 1ea", "category": "Household"},
{"title": "Melitta Blue Mountain Style Medium Roast Ground Coffee | 250g", "price": "$5.50", "price_calculation": "$2.20 per 100g", "category": "Drinks"},
{"title": "Lilydale Free Range Chicken Stir Fry | 500g", "price": "$12.50", "price_calculation": "$25.00 per 1kg", "category": "Meat & Seafood"},
{"title": "Kiwi Black Shoe Laces 69cm | 2 pair", "price": "$2.50", "price_calculation": "$0.63 per 1ea", "category": "Household"},
{"title": "Higher Living Organic Rooibos | 40 pack", "price": "$5.50", "price_calculation": "$0.14 per 1ea", "category": "Drinks"},
{"title": "Coles Pork Ribs BBQ | approx 1.2kg", "price": "$24.00", "price_calculation": "$20.00 per 1kg", "category": "Meat & Seafood"},
{"title": "Coles Paper Confetti Pack | 1 each", "price": "$2.64", "price_calculation": "$2.64 per 1ea", "category": "Household"},
{"title": "Daley Street Medium Coffee Ground | 200g", "price": "$5.50", "price_calculation": "$2.75 per 100g", "category": "Drinks"},
{"title": "Coles Deli RSPCA Approved Chicken Breast Satay Style Kebab | 1 each", "price": "$1.10", "price_calculation": "$1.10 per 1ea", "category": "Meat & Seafood"},
{"title": "Coles Reduced Sugar Banana Bread Slices | 500g", "price": "$6.50", "price_calculation": "$1.30 per 100g", "category": "Bakery"},
{"title": "Miirabella Appliance Pilot T22 Ses Clear 25W | 1 each", "price": null, "price_calculation": null, "category": "Household"},
{"title": "Daley Street Dark Roast Coffee Beans | 200g", "price": "$5.50", "price_calculation": "$2.75 per 100g", "category": "Drinks"},
{"title": "Coles Pork Mini Shoulder Roast Boneless | approx 1kg", "price": "$12.00", "price_calculation": "$12.00 per 1kg", "category": "Meat & Seafood"},
{"title": "Coles Bakery Traditional Cream Filled Dusted Sponge | 380g", "price": "$6.75", "price_calculation": "$1.78 per 100g", "category": "Bakery"},
{"title": "Mirabella Appliance Pilot T25 ES 25W Clear Blister | 1 each", "price": null, "price_calculation": null, "category": "Household"},
{"title": "Tetley Classic Chai Latte Tea Sachets 8 pack | 200g", "price": "$5.70", "price_calculation": "$0.71 per 1ea", "category": "Drinks"},
{"title": "Coles Boneless Small Pork Loin Roast | approx 1.25kg", "price": "$15.00", "price_calculation": "$12.00 per 1kg", "category": "Meat & Seafood"},
{"title": "Coles Bakery Stone Baked Mini Sub Rolls | 2 pack", "price": "$3.00", "price_calculation": "$1.50 per 1ea", "category": "Bakery"},
{"title": "Bonds Opaque Tights Knee Hi 40 Denier Nude 1 size | 1 pack", "price": "$3.00", "price_calculation": null, "category": "Household"},
{"title": "Coles Beef Rump Steak | approx 832g", "price": "$19.97", "price_calculation": "$24.00 per 1kg", "category": "Meat & Seafood"},
{"title": "Coles Bakery High Fibre Low Gi Soft Round Rolls | 4 pack", "price": "$3.50", "price_calculation": "$0.88 per 1ea", "category": "Bakery"},
{"title": "Razzamatazz Luxe Knee-Hi Pantyhose Black Size 1 | 1 pack", "price": "$3.00", "price_calculation": null, "category": "Household"},
{"title": "Coles Deli Rspca Approved Chicken Wings | approx 120g", "price": "$0.84", "price_calculation": "$7.00 per 1kg", "category": "Meat & Seafood"},
{"title": "Coles Bakery Soy & Linseed Panini | 3 pack", "price": "$3.75", "price_calculation": "$1.25 per 1ea", "category": "Bakery"},
{"title": "Coles Finest Mixed Selection Sausage Pack | 500g", "price": "$8.00", "price_calculation": "$16.00 per 1kg", "category": "Meat & Seafood"},
{"title": "Coles Country Loaf Wholemeal | 750g", "price": "$3.90", "price_calculation": "$0.52 per 100g", "category": "Bakery"},
{"title": "Coles Free Range Pork Belly Slices 11X5 | 400g", "price": "$10.00", "price_calculation": "$25.00 per 1kg", "category": "Meat & Seafood"},
{"title": "Abe's Bagels Low Carb 4 pack | 360g", "price": "$4.50", "price_calculation": "$1.25 per 100g", "category": "Bakery"},
{"title": "Coles Deli Fresh Salmon Fins | approx 250g", "price": "$3.75", "price_calculation": "$15.00 per 1kg", "category": "Meat & Seafood"},
{"title": "Coles Finest By Laurent 7 Seed & Grain Vienna | 1 each", "price": "$6.50", "price_calculation": "$6.50 per 1ea", "category": "Bakery"},
{"title": "Drovers Beef Ribs | approx 1.7kg", "price": "$20.40", "price_calculation": "$12.00 per 1kg", "category": "Meat & Seafood"},
{"title": "Helga's Gluten Free White Bread Slices | 470g", "price": "$7.50", "price_calculation": "$1.60 per 100g", "category": "Bakery"},
{"title": "Coles RSPCA Approved Chicken Breast Kiev Garlic Butter  | 700g", "price": "$9.50", "price_calculation": "$13.57 per 1kg", "category": "Meat & Seafood"},
{"title": "Coles New York Style Baked Cheesecake | 640g", "price": "$14.00", "price_calculation": "$2.19 per 100g", "category": "Bakery"},
{"title": "Coles Graze Grassfed Beef Fillet Steak | 300g", "price": "$17.00", "price_calculation": "$56.67 per 1kg", "category": "Meat & Seafood"},
{"title": "Coles Bakery Low Gi 7 Seeds & Grains Vienna Bread Loaf | 1 each", "price": "$3.00", "price_calculation": "$3.00 per 1ea", "category": "Bakery"},
{"title": "Drovers Choice Beef Rump Steak | 230g", "price": "$6.00", "price_calculation": "$26.09 per 1kg", "category": "Meat & Seafood"},
{"title": "Coles Bakery Jam Bunlet | 6 pack", "price": "$3.50", "price_calculation": "$0.58 per 1ea", "category": "Bakery"},
{"title": "Rocco's Smokey Bacon & Cheese Sausages | 450g", "price": "$8.00", "price_calculation": "$17.78 per 1kg", "category": "Meat & Seafood"},
{"title": "Coles Dreams Crumb True Red Velvet Cookies | 4 pack", "price": "$5.00", "price_calculation": "$1.25 per 1ea", "category": "Bakery"},
{"title": "Coles RSPCA Approved Chicken Popcorn Southern Fried | 400g", "price": "$8.00", "price_calculation": "$20.00 per 1kg", "category": "Meat & Seafood"},
{"title": "Burgen Traditional Rye Bread | 700g", "price": "$5.90", "price_calculation": "$0.84 per 100g", "category": "Bakery"},
{"title": "Coles Finest Beef With Brisket Burger | 600g", "price": "$9.00", "price_calculation": "$15.00 per 1kg", "category": "Meat & Seafood"},
{"title": "Burgen Lower Carb Sunflower & Linseed Bread | 660g", "price": "$7.00", "price_calculation": "$1.06 per 100g", "category": "Bakery"},
{"title": "Coles Graze Grassfed Beef Rump Steak | 300g", "price": "$11.00", "price_calculation": "$36.67 per 1kg", "category": "Meat & Seafood"},
{"title": "Cadbury Milk Chocolate Cake Bars | 105g", "price": "$3.00", "price_calculation": "$2.86 per 100g", "category": "Bakery"},
{"title": "Coles Tasmanian Salmon Diced | 300g", "price": "$11.50", "price_calculation": "$38.33 per 1kg", "category": "Meat & Seafood"},
{"title": "Coles Stonebaked By Laurent Sesame Sourdough Garlic Bread | 1 each", "price": "$4.00", "price_calculation": "$4.00 per 1ea", "category": "Bakery"},
{"title": "Tassal Tasmanian Smoked Salmon | 150g", "price": "$12.00", "price_calculation": "$80.01 per 1kg", "category": "Meat & Seafood"},
{"title": "Wonder White Bread Wholegrain Smooth | 700g", "price": "$4.40", "price_calculation": "$0.63 per 100g", "category": "Bakery"},
{"title": "Coles Finest Lamb Frenched Rack Roast | approx 226g", "price": "$9.04", "price_calculation": "$40.00 per 1kg", "category": "Meat & Seafood"},
{"title": "Coles Dreams Crumb True New York Chocolate Chip Cookies | 4 pack", "price": "$5.00", "price_calculation": "$1.25 per 1ea", "category": "Bakery"},
{"title": "Coles No Added Hormone Beef Rump Medallions | 300g", "price": "$12.00", "price_calculation": "$40.00 per 1kg", "category": "Meat & Seafood"},
{"title": "Tip Top The One Gluten Free White | 550g", "price": "$7.00", "price_calculation": "$1.27 per 100g", "category": "Bakery"},
{"title": "Coles Deli Fresh Saddletail Snapper Fillet | approx 250g", "price": "$9.00", "price_calculation": "$36.00 per 1kg", "category": "Meat & Seafood"},
{"title": "Coles Mud Cake Decorated | 700g", "price": "$9.50", "price_calculation": "$1.36 per 100g", "category": "Bakery"},
{"title": "Coles Finest Lamb Garlic And Oregano Sausages | 450g", "price": "$8.00", "price_calculation": "$17.78 per 1kg", "category": "Meat & Seafood"},
{"title": "Coles Bakery Stone Baked Mini Rye Pane Di Casa | 1 each", "price": "$2.50", "price_calculation": "$2.50 per 1ea", "category": "Bakery"},
{"title": "Coles Diced Casserole | 500g", "price": "$11.00", "price_calculation": "$22.00 per 1kg", "category": "Meat & Seafood"},
{"title": "Mr Kipling French Fancies Selection Cakes 8 Pack | 205g", "price": "$3.25", "price_calculation": "$1.59 per 100g", "category": "Bakery"},
{"title": "Coles Smoked Meaty Pork Leg Hock | approx 1kg", "price": "$13.50", "price_calculation": "$13.50 per 1kg", "category": "Meat & Seafood"},
{"title": "MEB Greek Pita | 375g", "price": "$3.60", "price_calculation": "$0.96 per 100g", "category": "Bakery"},
{"title": "Coles Beef Scotch Fillet Thin Cut | 400g", "price": "$19.00", "price_calculation": "$47.50 per 1kg", "category": "Meat & Seafood"},
{"title": "Coles Country Loaf Mixed Grain | 850g", "price": "$3.90", "price_calculation": "$0.46 per 100g", "category": "Bakery"},
{"title": "Coles Beef Ribs | approx 800g", "price": "$11.20", "price_calculation": "$14.00 per 1kg", "category": "Meat & Seafood"},
{"title": "Lawson's Traditional Original White Bread | 750g", "price": "$5.80", "price_calculation": "$0.77 per 100g", "category": "Bakery"},
{"title": "Coles RSPCA Approved Chicken Burgers Plain Crumb | 1.2kg", "price": "$14.00", "price_calculation": "$11.67 per 1kg", "category": "Meat & Seafood"},
{"title": "Coles Sugar Donuts | 12 pack", "price": "$3.50", "price_calculation": "$0.29 per 1ea", "category": "Bakery"},
{"title": "Tassal Salmon Portions Skin On | 300g", "price": "$14.00", "price_calculation": "$46.67 per 1kg", "category": "Meat & Seafood"},
{"title": "Coles Rolls Hamburger | 6 pack", "price": "$3.70", "price_calculation": "$0.62 per 1ea", "category": "Bakery"},
{"title": "Coles Deli RSPCA Approved Chicken Schnitzel | 250g", "price": "$3.50", "price_calculation": "$14.00 per 1kg", "category": "Meat & Seafood"},
{"title": "Coles Bakery Soft Seed Rustic Rolls | 4 pack", "price": "$3.75", "price_calculation": "$0.94 per 1ea", "category": "Bakery"},
{"title": "Coles RSPCA Approved Chicken Necks | approx 1.1kg", "price": "$7.15", "price_calculation": "$6.50 per 1kg", "category": "Meat & Seafood"},
{"title": "Coles Bakery Stone Baked Wholemeal Pane Di Casa Loaf | 1 each", "price": "$4.00", "price_calculation": "$4.00 per 1ea", "category": "Bakery"},
{"title": "Coles RSPCA Approved Chicken Tenders Southern Fried | 400g", "price": "$10.00", "price_calculation": "$25.00 per 1kg", "category": "Meat & Seafood"},
{"title": "Helgas 50% Lower Carb 5 Seeds Loaf | 700g", "price": "$4.50", "price_calculation": "$0.64 per 100g", "category": "Bakery"},
{"title": "Coles Made Easy Lamb Strips In Souvlaki Seasoning | 500g", "price": "$13.00", "price_calculation": "$26.00 per 1kg", "category": "Meat & Seafood"},
{"title": "Toscano Chocolate Crepes | 192g", "price": "$6.00", "price_calculation": "$3.13 per 100g", "category": "Bakery"},
{"title": "Coles Beef Blade Roast | approx 1.42kg", "price": "$21.30", "price_calculation": "$15.00 per 1kg", "category": "Meat & Seafood"},
{"title": "Coles Chocolate Mini Cupcakes 9 pack | 216g", "price": "$6.00", "price_calculation": "$2.78 per 100g", "category": "Bakery"},
{"title": "Tassal Tasmanian Smoked Salmon | 100g", "price": "$9.00", "price_calculation": "$90.00 per 1kg", "category": "Meat & Seafood"},
{"title": "Coles White Mud Cake | 600g", "price": "$6.40", "price_calculation": "$1.07 per 100g", "category": "Bakery"},
{"title": "Coles Finest Carbon Neutral Beef Mince | 500g", "price": "$10.50", "price_calculation": "$21.00 per 1kg", "category": "Meat & Seafood"},
{"title": "Coles Thin & Crispy Pizza Base Large 12inch | 750g", "price": "$6.70", "price_calculation": "$0.89 per 100g", "category": "Bakery"},
{"title": "Wonder Mini Loaf White Sandwich Vit Min | 320g", "price": "$2.90", "price_calculation": "$0.91 per 100g", "category": "Bakery"},
{"title": "Tip Top Gourmet Wholemeal Pizza Bases 2 pack | 440g", "price": "$3.20", "price_calculation": "$0.73 per 100g", "category": "Bakery"},
{"title": "Helgas Mini Loaf Mixed Grain | 415g", "price": "$3.90", "price_calculation": "$0.94 per 100g", "category": "Bakery"},
{"title": "Tip Top White Bread Hot Dog Rolls | 6 pack", "price": "$4.00", "price_calculation": "$0.67 per 1ea", "category": "Bakery"},
{"title": "Coles Bakery Sultana Scones | 6 pack", "price": "$6.00", "price_calculation": "$1.00 per 1ea", "category": "Bakery"},
{"title": "Coles Bakery Light Fruit Cake | 800g", "price": "$6.50", "price_calculation": "$0.81 per 100g", "category": "Bakery"},
{"title": "Coles Bakery Dark Fruit Cake | 800g", "price": "$6.50", "price_calculation": "$0.81 per 100g", "category": "Bakery"},
{"title": "Coles Toffee Pecan Roulade | 450g", "price": "$14.00", "price_calculation": "$3.11 per 100g", "category": "Bakery"},
{"title": "Coles Happy Gut English Muffins | 6 Pack", "price": "$2.45", "price_calculation": "$0.41 per 1ea", "category": "Bakery"},
{"title": "Coles Happy Gut Wholemeal | 700g", "price": "$3.30", "price_calculation": "$0.47 per 100g", "category": "Bakery"},
{"title": "Coles Happy Gut Multigrain | 700g", "price": "$3.30", "price_calculation": "$0.47 per 100g", "category": "Bakery"},
{"title": "Coles Bakery Sponge Mini Jam Rolls | 6 pack", "price": "$3.50", "price_calculation": "$0.58 per 1ea", "category": "Bakery"},
{"title": "Fresh Bananas | approx 180g", "price": "$0.72", "price_calculation": "$4.00 per 1kg", "category": "Fruit & Vegetables"},
{"title": "Coles Hass Avocados | 1 each", "price": "$1.50", "price_calculation": "$1.50 per 1ea", "category": "Fruit & Vegetables"},
{"title": "Old El Paso Hard N Soft Taco Kit Mexican Style | 350g", "price": "$6.65", "price_calculation": "$1.90 per 100g", "category": "Fruit & Vegetables"},
{"title": "Tassal Tasmanian Smoked Salmon Twin Pack | 100g", "price": "$10.00", "price_calculation": "$100.00 per 1kg", "category": "Meat & Seafood"},
{"title": "Coles Carrots Prepacked 1Kg | 1 each", "price": "$1.40", "price_calculation": "$1.40 per 1kg", "category": "Fruit & Vegetables"},
{"title": "Coles Pork Loin Chops With Sweet And Smokey Crumb | approx 500g", "price": "$12.50", "price_calculation": "$25.00 per 1kg", "category": "Meat & Seafood"},
{"title": "Coles Broccoli | approx 340g", "price": "$0.99", "price_calculation": "$2.90 per 1kg", "category": "Fruit & Vegetables"},
{"title": "Cleaver's Beef Lasagne Organic & Free Range | 600g", "price": "$13.50", "price_calculation": "$22.50 per 1kg", "category": "Meat & Seafood"},
{"title": "Coles Imperial Mandarins Medium | approx 80g", "price": "$0.28", "price_calculation": "$3.50 per 1kg", "category": "Fruit & Vegetables"},
{"title": "Coles Made Easy Slow Cooked Lamb Shoulder With Greek Inspired Sauce | 550g", "price": "$14.00", "price_calculation": "$25.45 per 1kg", "category": "Meat & Seafood"},
{"title": "Coles Raspberries | 125g", "price": "$5.00", "price_calculation": "$40.00 per 1kg", "category": "Fruit & Vegetables"},
{"title": "Coles Made Easy Slow Cooked Pork Belly Slices In Tonkatsu Sauce | 400g", "price": "$14.00", "price_calculation": "$35.00 per 1kg", "category": "Meat & Seafood"},
{"title": "Coles Continental Cucumbers Loose | 1 each", "price": "$2.20", "price_calculation": "$2.20 per 1ea", "category": "Fruit & Vegetables"},
{"title": "Coles Made Easy Slow Cooked Pork Belly | approx 750g", "price": "$16.50", "price_calculation": "$22.00 per 1kg", "category": "Meat & Seafood"},
{"title": "Coles Green Zucchini | approx 260g", "price": "$1.01", "price_calculation": "$3.90 per 1kg", "category": "Fruit & Vegetables"},
{"title": "Coles Lamb Shoulder Butterflied With Smokey Marinade | approx 800g", "price": "$19.20", "price_calculation": "$24.00 per 1kg", "category": "Meat & Seafood"},
{"title": "Coles Made Easy Chicken Breasts Filled With Garlic & Herb Butter Topped With A Cheese Crumb | 500g", "price": "$12.00", "price_calculation": "$24.00 per 1kg", "category": "Meat & Seafood"},
{"title": "Coles Red Seedless Grapes | approx 800g", "price": "$3.60", "price_calculation": "$4.50 per 1kg", "category": "Fruit & Vegetables"},
{"title": "Coles Graze Lamb Mini Shoulder Roast 2 pack | approx700g", "price": "$17.50", "price_calculation": "$25.00 per 1kg", "category": "Meat & Seafood"},
{"title": "Coles Made Easy Slow Cooked Beef Ragu In Tomato Sauce | 750g", "price": "$17.00", "price_calculation": "$22.67 per 1kg", "category": "Meat & Seafood"},
{"title": "Coles Red Capsicum | approx 200g", "price": "$1.18", "price_calculation": "$5.90 per 1kg", "category": "Fruit & Vegetables"},
{"title": "Drovers Choice No Added Hormone Beef Scotch Fillet | approx 850g", "price": "$25.50", "price_calculation": "$30.00 per 1kg", "category": "Meat & Seafood"},
{"title": "Lilydale Free Range Chicken Stir Fry Large Pack | approx 1.2kg", "price": "$21.00", "price_calculation": "$17.50 per 1kg", "category": "Meat & Seafood"},
{"title": "Coles Field Tomatoes Loose | approx 110g", "price": "$0.87", "price_calculation": "$7.90 per 1kg", "category": "Fruit & Vegetables"},
{"title": "Coles Finest Lamb Mini Rump Roast | approx 418g", "price": "$14.63", "price_calculation": "$35.00 per 1kg", "category": "Meat & Seafood"},
{"title": "Coles Finest Carbon Neutral Beef Porterhouse Steak | 370g", "price": "$19.00", "price_calculation": "$51.35 per 1kg", "category": "Meat & Seafood"},
{"title": "Fresh Strawberries Prepacked | 250g", "price": "$6.00", "price_calculation": "$24.00 per 1kg", "category": "Fruit & Vegetables"},
{"title": "Coles Lamb Rack Roast | approx 900g", "price": "$31.50", "price_calculation": "$35.00 per 1kg", "category": "Meat & Seafood"},
{"title": "Coles Pork Cutlets | approx 500g", "price": "$10.50", "price_calculation": "$21.00 per 1kg", "category": "Meat & Seafood"},
{"title": "Coles Cauliflower Medium | 1 each", "price": "$2.50", "price_calculation": "$2.50 per 1ea", "category": "Fruit & Vegetables"},
{"title": "Coles Graze Lamb Fillet | approx 300g", "price": "$15.60", "price_calculation": "$52.00 per 1kg", "category": "Meat & Seafood"},
{"title": "Coles Entertaining Mini Chicken Satay Style Kebabs | 375g", "price": null, "price_calculation": null, "category": "Meat & Seafood"},
{"title": "Coles White Seedless Grapes Loose | approx 800g", "price": "$3.52", "price_calculation": "$4.40 per 1kg", "category": "Fruit & Vegetables"},
{"title": "Luv A Duck Rendered Duck Fat | 200g", "price": null, "price_calculation": null, "category": "Meat & Seafood"},
{"title": "Moira Mac's Original Oven Roasted Chicken Breast                                                                                 | 350g", "price": "$8.10", "price_calculation": "$23.14 per 1kg", "category": "Meat & Seafood"},
{"title": "Fresh Brown Onions Loose | approx 180g", "price": "$0.67", "price_calculation": "$3.70 per 1kg", "category": "Fruit & Vegetables"},
{"title": "Unreal Co Chick'N Chive Sausages | 350g", "price": "$6.30", "price_calculation": "$18.00 per 1kg", "category": "Meat & Seafood"},
{"title": "Tassal Hot Smoked Salmon Cracked Peppercorn | 150g", "price": "$9.00", "price_calculation": "$60.00 per 1kg", "category": "Meat & Seafood"},
{"title": "Coles Greenhouse Truss Tomatoes | approx 140g", "price": "$1.39", "price_calculation": "$9.90 per 1kg", "category": "Fruit & Vegetables"},
{"title": "Coles Lamb Meat Bones | approx 1.1kg", "price": "$7.70", "price_calculation": "$7.00 per 1kg", "category": "Meat & Seafood"},
{"title": "Impossible Burgers | 227g", "price": "$9.50", "price_calculation": "$41.85 per 1kg", "category": "Meat & Seafood"},
{"title": "Coles Seedless Watermelon Cut | approx1.99 kg", "price": "$5.77", "price_calculation": "$2.90 per 1kg", "category": "Fruit & Vegetables"},
{"title": "Talley's Mussels Garlic | 375g", "price": "$7.00", "price_calculation": "$18.67 per 1kg", "category": "Meat & Seafood"},
{"title": "Coles Made Easy Slow Cooked Boneless Pork Shank With Mexican Sauce | 800g", "price": "$12.00", "price_calculation": "$15.00 per 1kg", "category": "Meat & Seafood"},
{"title": "Coles Tasmanian Cold Smoked Salmon | 500g", "price": "$25.00", "price_calculation": "$50.00 per 1kg", "category": "Meat & Seafood"},
{"title": "Coles Sweet Gold Potatoes Loose | approx 350g", "price": "$1.57", "price_calculation": "$4.50 per 1kg", "category": "Fruit & Vegetables"},
{"title": "Ocean King Bismarck Herring | 500g", "price": "$7.20", "price_calculation": "$14.40 per 1kg", "category": "Meat & Seafood"},
{"title": "British Family Pack Thin Pork Sausages | 1kg", "price": "$12.00", "price_calculation": "$12.00 per 1kg", "category": "Meat & Seafood"},
{"title": "Luv A Duck Frozen Whole Duck | 2.1kg", "price": "$26.20", "price_calculation": "$12.48 per 1kg", "category": "Meat & Seafood"},
{"title": "Coles Cherry Tomatoes Prepacked | 250g", "price": "$2.50", "price_calculation": "$10.00 per 1kg", "category": "Fruit & Vegetables"},
{"title": "Three Aussie Farmers Farmhouse Style Pork Sausages | 450g", "price": "$8.00", "price_calculation": "$17.78 per 1kg", "category": "Meat & Seafood"},
{"title": "Coles Graze Grassfed Beef Diced Steak | 500g", "price": "$14.00", "price_calculation": "$28.00 per 1kg", "category": "Meat & Seafood"},
{"title": "Coles Graze Lamb Shoulder Roast Boneless | approx 530g", "price": "$15.90", "price_calculation": "$30.00 per 1kg", "category": "Meat & Seafood"},
{"title": "Coles Medium Navel Oranges | approx 180g", "price": "$0.52", "price_calculation": "$2.90 per 1kg", "category": "Fruit & Vegetables"},
{"title": "V2 Schnitzel Original Plant Based 2 Pack | 300g", "price": "$8.00", "price_calculation": "$26.67 per 1kg", "category": "Meat & Seafood"},
{"title": "Mainstream Tropical North Queensland Barramundi Portions | 260g", "price": "$14.00", "price_calculation": "$53.85 per 1kg", "category": "Meat & Seafood"},
{"title": "Coles RSPCA Approved Garlic And Herb Chicken Schnitzel | 200g", "price": "$5.00", "price_calculation": "$25.00 per 1kg", "category": "Meat & Seafood"},
{"title": "Coles Grape Perino Tomatoes Prepacked | 200g", "price": "$4.50", "price_calculation": "$22.50 per 1kg", "category": "Fruit & Vegetables"},
{"title": "KB's Seafood Thawed Barramundi Portions | 260g", "price": "$10.00", "price_calculation": "$38.46 per 1kg", "category": "Meat & Seafood"},
{"title": "Drovers Choice Beef Chunky Casserole Steaks | approx 1kg", "price": "$18.00", "price_calculation": "$18.00 per 1kg", "category": "Meat & Seafood"},
{"title": "Coles Deli Thawed Prawn Skewers Chilli & Lime | 5 pack", "price": "$6.25", "price_calculation": "$1.25 per 1ea", "category": "Meat & Seafood"},
{"title": "Coles Fresh Loose Cup Mushrooms | approx 200g", "price": "$2.50", "price_calculation": "$12.50 per 1kg", "category": "Fruit & Vegetables"},
{"title": "Coles Free Range Pork Leg Roast Boneless | approx 1.8kg", "price": "$23.40", "price_calculation": "$13.00 per 1kg", "category": "Meat & Seafood"},
{"title": "Coles No Added Hormone Beef Short Rib Fingers | approx 930g", "price": "$21.86", "price_calculation": "$23.50 per 1kg", "category": "Meat & Seafood"},
{"title": "Coles Pork Bones Smoked | 500g", "price": "$6.50", "price_calculation": "$13.00 per 1kg", "category": "Meat & Seafood"},
{"title": "Coles Packham Pears | approx 240g", "price": "$0.67", "price_calculation": "$2.80 per 1kg", "category": "Fruit & Vegetables"},
{"title": "Coles Beechwood Smoked Boneless Leg Ham Portion | 800g", "price": "$13.00", "price_calculation": "$16.25 per 1kg", "category": "Meat & Seafood"},
{"title": "Drovers Choice No Added Hormone Beef Porterhouse Steak | approx 780g", "price": "$19.50", "price_calculation": "$25.00 per 1kg", "category": "Meat & Seafood"},
{"title": "Talley's Mussels Chilli | 375g", "price": "$7.00", "price_calculation": "$18.67 per 1kg", "category": "Meat & Seafood"},
{"title": "Coles Brown Onions | 1kg", "price": "$3.50", "price_calculation": "$3.50 per 1kg", "category": "Fruit & Vegetables"},
{"title": "Beak & Sons Hickory BBQ Pork Ribs | 650g", "price": "$14.50", "price_calculation": "$22.31 per 1kg", "category": "Meat & Seafood"},
{"title": "Coles No Added Hormone Beef Tomahawk Steak  | approx 900g", "price": "$36.00", "price_calculation": "$40.00 per 1kg", "category": "Meat & Seafood"},
{"title": "Herb & Sons Beef-Free Mince | 400g", "price": "$7.50", "price_calculation": "$18.75 per 1kg", "category": "Meat & Seafood"},
{"title": "Coles Lebanese Cucumbers | approx 210g", "price": "$1.16", "price_calculation": "$5.50 per 1kg", "category": "Fruit & Vegetables"},
{"title": "K-Roo Kangaroo Fillet | 400g", "price": "$15.80", "price_calculation": "$39.50 per 1kg", "category": "Meat & Seafood"},
{"title": "Ocean King Ocean King Anchovies Fillets | 80g", "price": "$3.80", "price_calculation": "$47.50 per 1kg", "category": "Meat & Seafood"},
{"title": "V2 Tenders Southern Style Plant Based 6 Pack | 300g", "price": "$8.00", "price_calculation": "$26.67 per 1kg", "category": "Meat & Seafood"},
{"title": "Coles Pink Lady Apples | approx 200g", "price": "$1.18", "price_calculation": "$5.90 per 1kg", "category": "Fruit & Vegetables"},
{"title": "Coles Boneless Shoulder With Sweet Mint And Rosemary | approx 800g", "price": "$16.00", "price_calculation": "$20.00 per 1kg", "category": "Meat & Seafood"},
{"title": "Coles Chicken Mozzarella And Rocket Sausages | 450g", "price": "$8.00", "price_calculation": "$17.78 per 1kg", "category": "Meat & Seafood"},
{"title": "V2 Burger Thai Chilli and Lime Plant Based 2 Pack | 226g", "price": "$8.00", "price_calculation": "$35.40 per 1kg", "category": "Meat & Seafood"},
{"title": "Coles Red Onion 1 Kg | 1kg", "price": "$3.00", "price_calculation": "$3.00 per 1kg", "category": "Fruit & Vegetables"},
{"title": "Coles Made Easy Slow Cooked Beef Brisket With American Style BBQ Sauce | 800g", "price": "$20.00", "price_calculation": "$25.00 per 1kg", "category": "Meat & Seafood"},
{"title": "KB's Seafood Marinated Basa Fillet | 260g", "price": "$10.00", "price_calculation": "$38.46 per 1kg", "category": "Meat & Seafood"},
{"title": "V2 Popcorn Bites Southern Style Plant Based | 300g", "price": "$8.00", "price_calculation": "$26.67 per 1kg", "category": "Meat & Seafood"},
{"title": "Coles Spring Onions | 1 bunch", "price": "$2.80", "price_calculation": "$2.80 per 1ea", "category": "Fruit & Vegetables"},
{"title": "Coles Free Range Pork Loin Chops | approx 400g", "price": "$8.80", "price_calculation": "$22.00 per 1kg", "category": "Meat & Seafood"},
{"title": "K-Roo Kangaroo Mince | 1kg", "price": "$14.00", "price_calculation": "$14.00 per 1kg", "category": "Meat & Seafood"},
{"title": "K-Roo Gourmet Kangaroo Meatballs | 420g", "price": "$8.50", "price_calculation": "$20.24 per 1kg", "category": "Meat & Seafood"},
{"title": "Coles Black Grapes | approx 800g", "price": "$2.54", "price_calculation": "$3.90 per 1kg", "category": "Fruit & Vegetables"},
{"title": "Bertocchi Authentic Boneless Leg Ham         | approx 1Kg", "price": "$16.10", "price_calculation": "$23.00 per 1kg", "category": "Meat & Seafood"},
{"title": "Coles Beef Roast With Mustard And Black Pepper | approx 900g", "price": "$18.00", "price_calculation": "$20.00 per 1kg", "category": "Meat & Seafood"},
{"title": "V2 Sausage Classic British Plant Based | 390g", "price": "$9.50", "price_calculation": "$24.36 per 1kg", "category": "Meat & Seafood"},
{"title": "Coles Creme Gold Washed Potatoes Loose | approx140g", "price": "$0.63", "price_calculation": "$4.50 per 1kg", "category": "Fruit & Vegetables"},
{"title": "Coles Lamb Shoulder Butterflied With Spiced Marinade | approx 800g", "price": "$19.20", "price_calculation": "$24.00 per 1kg", "category": "Meat & Seafood"},
{"title": "Inglewood Farms Free Range Organic Chicken Breast Fillets Skin Off | approx 488g", "price": "$15.37", "price_calculation": "$31.50 per 1kg", "category": "Meat & Seafood"},
{"title": "Coles Pork Belly With Salt And Pepper | 350g", "price": "$10.00", "price_calculation": "$28.57 per 1kg", "category": "Meat & Seafood"},
{"title": "Coles Mini Pack Mandarins | 850g", "price": "$2.50", "price_calculation": "$2.94 per 1kg", "category": "Fruit & Vegetables"},
{"title": "K-Roo Kangaroo Herb and Garlic Marinated Steak | approx 520g", "price": "$13.00", "price_calculation": "$25.00 per 1kg", "category": "Meat & Seafood"},
{"title": "Cleaver's Beef Eye Fillet Steak 1-2 Pieces | approx 375g", "price": "$28.12", "price_calculation": "$75.00 per 1kg", "category": "Meat & Seafood"},
{"title": "Norfolk Bay Wood Smoked Prawns Natural | 120g", "price": "$10.50", "price_calculation": "$87.50 per 1kg", "category": "Meat & Seafood"},
{"title": "Coles Afourer Mandarins | approx 130g", "price": "$0.46", "price_calculation": "$3.50 per 1kg", "category": "Fruit & Vegetables"},
{"title": "Coles Lamb Crumbed Cutlets With Herbed Crumb 4 pack | approx 450g", "price": "$17.55", "price_calculation": "$39.00 per 1kg", "category": "Meat & Seafood"},
{"title": "Coles Deli Thawed Prawn Skewers Garlic | 1 each", "price": "$1.25", "price_calculation": "$1.25 per 1ea", "category": "Meat & Seafood"},
{"title": "Coles One Pot Beef Madras | 500g", "price": "$11.00", "price_calculation": "$22.00 per 1kg", "category": "Meat & Seafood"},
{"title": "Coles Blackberries Prepacked | 125g", "price": "$5.00", "price_calculation": "$40.00 per 1kg", "category": "Fruit & Vegetables"},
{"title": "Coles Deli Thawed MSC Raw Aussie Oz Garlic Prawn Skewers | 1 each", "price": "$2.80", "price_calculation": "$2.80 per 1ea", "category": "Meat & Seafood"},
{"title": "The Fishery Smooth Dory Fillets | 200g", "price": "$7.50", "price_calculation": "$37.50 per 1kg", "category": "Meat & Seafood"},
{"title": "Coles Made Easy Australian Beef In Onion Gravy | 500g", "price": "$13.00", "price_calculation": "$26.00 per 1kg", "category": "Meat & Seafood"},
{"title": "Coles Green Beans loose | approx 200g", "price": "$1.58", "price_calculation": "$7.90 per 1kg", "category": "Fruit & Vegetables"},
{"title": "Inglewood Organic Honey Soy Chicken Nibbles | 350g", "price": "$6.50", "price_calculation": "$18.57 per 1kg", "category": "Meat & Seafood"},
{"title": "Three Aussie Farmers Louisiana Pork Sausage | 450g", "price": "$8.00", "price_calculation": "$17.78 per 1kg", "category": "Meat & Seafood"},
{"title": "Coles Butterflied Pork Shoulder With Lemon & Herb | approx 800g", "price": "$11.20", "price_calculation": "$14.00 per 1kg", "category": "Meat & Seafood"},
{"title": "Coles Iceberg Lettuce | 1 each", "price": "$3.90", "price_calculation": "$3.90 per 1ea", "category": "Fruit & Vegetables"},
{"title": "V2 Mince Plant Based | 400g", "price": "$7.50", "price_calculation": "$18.75 per 1kg", "category": "Meat & Seafood"},
{"title": "Coles Tasmanian Salmon Portion Skin | 200g", "price": "$8.00", "price_calculation": "$40.00 per 1kg", "category": "Meat & Seafood"},
{"title": "Coles Graze Lamb Leg Roast Half | approx 1.8kg", "price": "$28.80", "price_calculation": "$16.00 per 1kg", "category": "Meat & Seafood"},
{"title": "Coles Green Capsicum Loose | approx 250g", "price": "$1.48", "price_calculation": "$5.90 per 1kg", "category": "Fruit & Vegetables"},
{"title": "Norfolk Bay Wood Smoked Mussels Natural | 120g", "price": "$8.50", "price_calculation": "$70.83 per 1kg", "category": "Meat & Seafood"},
{"title": "Moira Mac's BBQ Oven Roasted Chicken Breast | 350g", "price": "$8.10", "price_calculation": "$23.14 per 1kg", "category": "Meat & Seafood"},
{"title": "Coles Finest Carbon Neutral Beef Blade Roast | approx 800g", "price": "$18.40", "price_calculation": "$23.00 per 1kg", "category": "Meat & Seafood"},
{"title": "Coles Carrots Loose | approx 170g", "price": "$0.42", "price_calculation": "$2.50 per 1kg", "category": "Fruit & Vegetables"},
{"title": "V2 Burger Plant Based 4 Pack | 452g", "price": "$9.00", "price_calculation": "$19.91 per 1kg", "category": "Meat & Seafood"},
{"title": "K-Roo Kanga Bangas | 500g", "price": "$8.50", "price_calculation": "$17.00 per 1kg", "category": "Meat & Seafood"},
{"title": "Coles Free Range Pork Fillet | approx 500g", "price": "$17.50", "price_calculation": "$35.00 per 1kg", "category": "Meat & Seafood"},
{"title": "Coles Blueberries Prepacked | 125g", "price": "$6.90", "price_calculation": "$55.20 per 1kg", "category": "Fruit & Vegetables"},
{"title": "V2 Sausage Spicy Spanish Plant Based 6 Pack | 390g", "price": "$9.50", "price_calculation": "$24.36 per 1kg", "category": "Meat & Seafood"},
{"title": "Tassal Hot Smoked Salmon Natural | 150g", "price": "$9.00", "price_calculation": "$60.00 per 1kg", "category": "Meat & Seafood"},
{"title": "Coles Veal Fillet Whole                                                                                                               | approx 390g", "price": "$18.33", "price_calculation": "$47.00 per 1kg", "category": "Meat & Seafood"},
{"title": "Coles Baby Broccoli | 1 each", "price": "$3.50", "price_calculation": "$3.50 per 1ea", "category": "Fruit & Vegetables"},
{"title": "K-Roo Kangaroo Sizzle Steak | 400g", "price": "$10.50", "price_calculation": "$26.25 per 1kg", "category": "Meat & Seafood"},
{"title": "Coles Crumbed Squid Salt & Pepper | 270g", "price": "$9.00", "price_calculation": "$33.33 per 1kg", "category": "Meat & Seafood"},
{"title": "Herb & Sons Chicken-Free Schnitzel | 300g", "price": "$8.00", "price_calculation": "$26.67 per 1kg", "category": "Meat & Seafood"},
{"title": "Coles Red Onions Loose | approx 200g", "price": "$0.88", "price_calculation": "$4.40 per 1kg", "category": "Fruit & Vegetables"},
{"title": "Ocean Blue Premium Blue Swimmer Crab Meat | 140g", "price": "$12.00", "price_calculation": "$85.71 per 1kg", "category": "Meat & Seafood"},
{"title": "K-Roo Kangaroo Steak | approx 520g", "price": "$11.44", "price_calculation": "$22.00 per 1kg", "category": "Meat & Seafood"},
{"title": "V2 Mince Chicken Style Plant Based | 400g", "price": "$8.00", "price_calculation": "$20.00 per 1kg", "category": "Meat & Seafood"},
{"title": "Coles Baby Cucumbers | 250g", "price": "$3.50", "price_calculation": "$14.00 per 1kg", "category": "Fruit & Vegetables"},
{"title": "Luv A Duck Fresh Duck Breast Fillets | 380g", "price": "$15.30", "price_calculation": "$40.26 per 1kg", "category": "Meat & Seafood"},
{"title": "Coles Made Easy Slow Cooked Boneless Pork Shank With Caramel & Apple Sauce | 750g", "price": "$12.00", "price_calculation": "$16.00 per 1kg", "category": "Meat & Seafood"},
{"title": "V2 Sausage Garlic & Herb Plant Based | 390g", "price": "$9.50", "price_calculation": "$24.36 per 1kg", "category": "Meat & Seafood"},
{"title": "Coles Washed Potatoes | 2kg", "price": "$7.50", "price_calculation": "$3.75 per 1kg", "category": "Fruit & Vegetables"},
{"title": "Cleaver's Beef Porterhouse Steak Organic                                                                                                   | approx 350g", "price": "$18.29", "price_calculation": "$52.25 per 1kg", "category": "Meat & Seafood"},
{"title": "Coles Made Easy Prosciutto Wrapped Chicken Breasts With Parmigiana Stuffing | 450g", "price": "$12.00", "price_calculation": "$26.67 per 1kg", "category": "Meat & Seafood"},
{"title": "K-Roo Kangaroo Herb And Garlic Kebab | 360g", "price": "$10.50", "price_calculation": "$29.17 per 1kg", "category": "Meat & Seafood"},
{"title": "McCormick Produce Partner Italia Roast Potatoes | 40g", "price": "$1.80", "price_calculation": "$4.50 per 100g", "category": "Fruit & Vegetables"},
{"title": "Coles Lamb Leg Butterflied | approx 1.1kg", "price": "$22.00", "price_calculation": "$20.00 per 1kg", "category": "Meat & Seafood"},
{"title": "The Fishery Easy Peel Banana Prawns | 200g", "price": "$12.00", "price_calculation": "$60.00 per 1kg", "category": "Meat & Seafood"},
{"title": "Regal New Zealand King Salmon Beech Wood Smoked Slices | 100g", "price": "$10.50", "price_calculation": "$105.00 per 1kg", "category": "Meat & Seafood"},
{"title": "Coles Wrapped Butternut Pumpkin | approx 700g", "price": "$1.40", "price_calculation": "$2.00 per 1kg", "category": "Fruit & Vegetables"},
{"title": "Coles Ready To Roast Porchetta With Fennel & Orange Seasoning | approx 1.1kg", "price": "$22.00", "price_calculation": "$20.00 per 1kg", "category": "Meat & Seafood"},
{"title": "Tassal Salmon Tenders | 280g", "price": "$12.00", "price_calculation": "$42.86 per 1kg", "category": "Meat & Seafood"},
{"title": "Coles Free Range Pork Shoulder Roast Boneless | approx 1.8kg", "price": "$21.60", "price_calculation": "$12.00 per 1kg", "category": "Meat & Seafood"},
{"title": "Coles Baby Gem Lettuce | 3 pack", "price": "$3.50", "price_calculation": "$1.17 per 1ea", "category": "Fruit & Vegetables"},
{"title": "Drovers Choice No Added Hormone Beef Rump Steak | approx 1.05kg", "price": "$23.10", "price_calculation": "$22.00 per 1kg", "category": "Meat & Seafood"},
{"title": "Coles Tasmanian Salmon Portions Marinated With Garlic & Herb Crumb | 325g", "price": "$13.00", "price_calculation": "$40.00 per 1kg", "category": "Meat & Seafood"},
{"title": "Coles Lamb Short Ribs With Sweet & Sticky BBQ Marinade | 750g", "price": "$15.00", "price_calculation": "$20.00 per 1kg", "category": "Meat & Seafood"},
{"title": "Lilydale Free Range Chicken Kebab Katsu Curry | 750g", "price": "$16.50", "price_calculation": "$22.00 per 1kg", "category": "Meat & Seafood"},
{"title": "Coles Royal Gala Apples Loose | approx 160g", "price": "$0.94", "price_calculation": "$5.90 per 1kg", "category": "Fruit & Vegetables"},
{"title": "Coles Finest Australian Lamb Shanks With Massaman Curry | 1 each", "price": "$23.00", "price_calculation": "$23.00 per 1kg", "category": "Meat & Seafood"},
{"title": "Coles Free Range RSPCA Approved Chicken Boneless Lime And Mint | approx 1kg", "price": "$14.00", "price_calculation": "$14.00 per 1kg", "category": "Meat & Seafood"},
{"title": "Coles Graze Grassfed Blade Roast | approx 1.4kg", "price": "$25.20", "price_calculation": "$18.00 per 1kg", "category": "Meat & Seafood"},
{"title": "Coles Lamb Boneless Marinated Shoulder With Greek Style Rub | approx 1kg", "price": "$20.00", "price_calculation": "$20.00 per 1kg", "category": "Meat & Seafood"},
{"title": "Coles Lamb Leg Butterflied With Pomegranate And Rosemary | approx 1.2Kg", "price": "$28.80", "price_calculation": "$24.00 per 1kg", "category": "Meat & Seafood"},
{"title": "Tassal Tasmanian Smoked Salmon Premium Selection | 180g", "price": "$15.50", "price_calculation": "$86.12 per 1kg", "category": "Meat & Seafood"},
{"title": "Coles Made Easy Slow Cooked Beef Brisket | 800g", "price": "$21.00", "price_calculation": "$26.25 per 1kg", "category": "Meat & Seafood"},
{"title": "Coles No Added Hormone Beef Brisket Point End Large Piece | approx 1.75kg", "price": "$26.25", "price_calculation": "$15.00 per 1kg", "category": "Meat & Seafood"},
{"title": "Coles Finest Carb Neutral Beef Rump Medallions | 380g", "price": "$16.00", "price_calculation": "$42.11 per 1kg", "category": "Meat & Seafood"},
{"title": "Coles Beechwood Smoked Pork Speck Portion Boneless | approx 650g", "price": "$17.55", "price_calculation": "$27.00 per 1kg", "category": "Meat & Seafood"},
{"title": "Cleaver's Beef Rump Steak Free Range Organic                                                                                               | approx 300g", "price": "$13.20", "price_calculation": "$44.00 per 1kg", "category": "Meat & Seafood"},
{"title": "Coles Lamb Shoulder Roast On The Bone | approx 2.2kg", "price": "$30.80", "price_calculation": "$14.00 per 1kg", "category": "Meat & Seafood"},
{"title": "Coles Finest Lamb Tenderloins | approx 200g", "price": "$11.00", "price_calculation": "$55.00 per 1kg", "category": "Meat & Seafood"},
{"title": "Olga's Fine Foods Chicken Patties | 500g", "price": "$6.30", "price_calculation": "$12.60 per 1kg", "category": "Meat & Seafood"},
{"title": "Coles Finest Carbon Neutral Beef Eye Fillet Steak | 330g", "price": "$23.00", "price_calculation": "$69.70 per 1kg", "category": "Meat & Seafood"},
{"title": "Coles Entertaining Peking Duck Spring Rolls | 200g", "price": null, "price_calculation": null, "category": "Meat & Seafood"},
{"title": "Coles Slow Cooked Pulled Pork | 250g", "price": "$7.80", "price_calculation": "$31.20 per 1kg", "category": "Meat & Seafood"},
{"title": "Ocean Blue Sliced Smoked Ocean Trout | 100g", "price": "$7.80", "price_calculation": "$78.00 per 1kg", "category": "Meat & Seafood"},
{"title": "Herb & Sons Chicken-Free Nuggets | 400g", "price": "$9.00", "price_calculation": "$22.50 per 1kg", "category": "Meat & Seafood"},
{"title": "Richmond Valley Veal Mince | 400g", "price": "$8.00", "price_calculation": "$20.00 per 1kg", "category": "Meat & Seafood"},
{"title": "Coles Made Easy Chicken Puff Pastry Parcels With Parmesan & Garlic | 350g", "price": "$8.00", "price_calculation": "$22.86 per 1kg", "category": "Meat & Seafood"},
{"title": "Coles One Pot Beef Mexican | 500g", "price": "$11.00", "price_calculation": "$22.00 per 1kg", "category": "Meat & Seafood"},
{"title": "K-Roo Kangaroo Burgers | 440g", "price": "$8.50", "price_calculation": "$19.32 per 1kg", "category": "Meat & Seafood"},
{"title": "Three Aussie Farmers The Outback BBQ Beef & Pork Burgers | 500g", "price": "$8.00", "price_calculation": "$16.00 per 1kg", "category": "Meat & Seafood"},
{"title": "Coles Organic Beef Scotch Fillet | 300g", "price": "$17.00", "price_calculation": "$68.00 per 1kg", "category": "Meat & Seafood"},
{"title": "Coles No Added Hormone Beef Steak Crumbed | 340g", "price": "$9.80", "price_calculation": "$28.82 per 1kg", "category": "Meat & Seafood"},
{"title": "The Fishery Banana Prawn Meat | 200g", "price": "$12.00", "price_calculation": "$60.00 per 1kg", "category": "Meat & Seafood"},
{"title": "Coles Pork Loin Roast With Herbs & Spices | approx 700g", "price": "$16.80", "price_calculation": "$24.00 per 1kg", "category": "Meat & Seafood"},
{"title": "Coles Free Range RSPCA Approved Chicken Schnitzel Herb And Garlic | 400g", "price": "$11.00", "price_calculation": "$27.50 per 1kg", "category": "Meat & Seafood"},
{"title": "Coles Made Easy Bacon Wrapped Chicken Parcels With Pumpkin Spinach & Fetta Stuffing | 600g", "price": "$13.00", "price_calculation": "$21.67 per 1kg", "category": "Meat & Seafood"},
{"title": "Coles Beechwood Smoked Picnic Ham | approx 3.1kg", "price": "$26.35", "price_calculation": "$8.50 per 1kg", "category": "Meat & Seafood"},
{"title": "Coles RPSCA Approved Chicken King Kebab With Middle Eastern Rub | 800g", "price": "$12.00", "price_calculation": "$15.00 per 1kg", "category": "Meat & Seafood"},
{"title": "Tibaldi Authentic Ham Off The Bone | 500g", "price": "$14.00", "price_calculation": "$28.00 per 1kg", "category": "Meat & Seafood"},
{"title": "Coles Deli RSPCA Approved Chicken Garlic Kyiv | 1 each", "price": "$2.50", "price_calculation": "$2.50 per 1ea", "category": "Meat & Seafood"},
{"title": "Aquna Murray Cod Portions Skin On 2 Pack | 200g", "price": "$13.00", "price_calculation": "$65.00 per 1kg", "category": "Meat & Seafood"},
{"title": "Coles Free Range RSPCA Approved Chicken Mango & Coconut | approx 950g", "price": "$13.30", "price_calculation": "$14.00 per 1kg", "category": "Meat & Seafood"},
{"title": "Sunfed Boar Free Bacon Premium Hickory | 120g", "price": "$6.50", "price_calculation": "$54.17 per 1kg", "category": "Meat & Seafood"},
{"title": "Coles Graze Lamb Boneless Shoulder Roast With Mountain Pepper- Murray River Salt And Lemon Myrtle | approx 800g", "price": "$17.60", "price_calculation": "$22.00 per 1kg", "category": "Meat & Seafood"},
{"title": "Coles Organic Beef Stirfry | 500g", "price": "$15.00", "price_calculation": "$30.00 per 1kg", "category": "Meat & Seafood"},
{"title": "Next Plant Based Chicken Chunks Original | 250g", "price": "$8.00", "price_calculation": "$32.00 per 1kg", "category": "Meat & Seafood"},
{"title": "Bertocchi Kaiser Fleisch Portions | approx 625g", "price": "$13.12", "price_calculation": "$21.00 per 1kg", "category": "Meat & Seafood"},
{"title": "Lilydale Free Range Chicken Thigh Fillets Small Pack               | approx 545g", "price": "$11.45", "price_calculation": "$21.00 per 1kg", "category": "Meat & Seafood"},
{"title": "Herb & Sons Beef Free Sausages | 450g", "price": "$8.50", "price_calculation": "$18.89 per 1kg", "category": "Meat & Seafood"},
{"title": "Coles No Added Hormone Beef Cheeks | approx 500g", "price": "$13.50", "price_calculation": "$27.00 per 1kg", "category": "Meat & Seafood"},
{"title": "Coles Graze Lamb Backstrap | approx 300g", "price": "$14.40", "price_calculation": "$48.00 per 1kg", "category": "Meat & Seafood"},
{"title": "Sunfed Bull Free Beef Raw Prime Mince | 350g", "price": "$9.00", "price_calculation": "$25.72 per 1kg", "category": "Meat & Seafood"},
{"title": "Coles Lamb Mint & Rosemary Rump Steak | approx 400g", "price": "$12.00", "price_calculation": "$30.00 per 1kg", "category": "Meat & Seafood"},
{"title": "Coles Finest Lamb Backstrap | approx 226g", "price": "$11.98", "price_calculation": "$53.00 per 1kg", "category": "Meat & Seafood"},
{"title": "Coles Beechwood Smoked Leg Ham Portion | approx 2.5kg", "price": "$31.25", "price_calculation": "$12.50 per 1kg", "category": "Meat & Seafood"},
{"title": "Inglewood Farms Organic Chicken Thigh Fillets Skin Off | approx 450g", "price": "$14.18", "price_calculation": "$31.50 per 1kg", "category": "Meat & Seafood"},
{"title": "Coles No Added Hormone Beef Marrow Bones | approx 1.25Kg", "price": "$7.50", "price_calculation": "$6.00 per 1kg", "category": "Meat & Seafood"},
{"title": "Herb & Sons Meat Free Chicken-Free Sweet Chilli Tenders | 300g", "price": "$6.50", "price_calculation": "$21.67 per 1kg", "category": "Meat & Seafood"},
{"title": "Coles Sliced Pork Belly With Sweet Soy Glaze | 300g", "price": "$8.00", "price_calculation": "$26.67 per 1kg", "category": "Meat & Seafood"},
{"title": "Beyond Burger Plant Based Burger Patties | 226g", "price": "$9.00", "price_calculation": "$39.82 per 1kg", "category": "Meat & Seafood"},
{"title": "KB's Seafood Crumbed Squid Chips | 200g", "price": "$8.00", "price_calculation": "$40.00 per 1kg", "category": "Meat & Seafood"},
{"title": "Coles Crumbed Fish Bites Salt & Pepper | 280g", "price": "$9.00", "price_calculation": "$32.14 per 1kg", "category": "Meat & Seafood"},
{"title": "Steggles Turkey Rissoles | 400g", "price": "$8.50", "price_calculation": "$21.25 per 1kg", "category": "Meat & Seafood"},
{"title": "KB's Seafood Marinated Barramundi Fillet | 260g", "price": "$10.00", "price_calculation": "$38.46 per 1kg", "category": "Meat & Seafood"},
{"title": "Coles Graze Lamb Mince  | 500g", "price": "$9.00", "price_calculation": "$18.00 per 1kg", "category": "Meat & Seafood"},
{"title": "KB's Seafood Imported Raw Marinated Prawns | 260g", "price": "$10.00", "price_calculation": "$38.46 per 1kg", "category": "Meat & Seafood"},
{"title": "Coles Tasmanian Salmon Portions With Lemon & Herb Crumb | 500g", "price": "$17.50", "price_calculation": "$35.00 per 1kg", "category": "Meat & Seafood"},
{"title": "Fremantle Marinated Octopus Original | 250g", "price": "$11.75", "price_calculation": "$47.00 per 1kg", "category": "Meat & Seafood"},
{"title": "Coles Crumbed Pork Schnitzel | 300g", "price": "$6.50", "price_calculation": "$21.67 per 1kg", "category": "Meat & Seafood"},
{"title": "Inglewood Organic Chicken Strips Plain | 500g", "price": "$12.50", "price_calculation": "$25.00 per 1kg", "category": "Meat & Seafood"},
{"title": "Coles Finest Meatballs | 500g", "price": "$8.00", "price_calculation": "$16.00 per 1kg", "category": "Meat & Seafood"},
{"title": "Coles Made Easy Slow Cooked Pork Ribs With Char Siu Sauce | 750g", "price": "$16.00", "price_calculation": "$21.33 per 1kg", "category": "Meat & Seafood"},
{"title": "Coles Graze Lamb Leg Steak With Thyme And Black Pepper Butter | 270g", "price": "$8.50", "price_calculation": "$31.48 per 1kg", "category": "Meat & Seafood"},
{"title": "Coles Beechwood Smoked Boneless Loin Ham Portion | approx 700g", "price": "$15.75", "price_calculation": "$22.50 per 1kg", "category": "Meat & Seafood"},
{"title": "Coles RSPCA Approved Whole Boneless Chicken With Asian BBQ Rub | approx 1kg", "price": "$11.00", "price_calculation": "$11.00 per 1kg", "category": "Meat & Seafood"},
{"title": "Coles Lamb Rump Roast | approx 500g", "price": "$16.25", "price_calculation": "$32.50 per 1kg", "category": "Meat & Seafood"},
{"title": "Coles Graze Grassfed Beef Chuck Casserole | 600g", "price": "$13.00", "price_calculation": "$21.67 per 1kg", "category": "Meat & Seafood"},
{"title": "Coles Beef Picanha Rump Cap With Chimichurri | approx 300g", "price": "$10.50", "price_calculation": "$35.00 per 1kg", "category": "Meat & Seafood"},
{"title": "Coles Made Easy Slow Cooked Pork Riblets With Smokey BBQ Glaze | 760g", "price": "$14.00", "price_calculation": "$18.42 per 1kg", "category": "Meat & Seafood"},
{"title": "Coles Finest Lamb Scotch Fillet | approx 343g", "price": "$15.44", "price_calculation": "$45.00 per 1kg", "category": "Meat & Seafood"},
{"title": "Coles Cooked Jumbo Prawn Cutlets | 240g", "price": "$14.50", "price_calculation": "$60.42 per 1kg", "category": "Meat & Seafood"},
{"title": "Coles Thin BBQ Pork Sausages | 560g", "price": "$6.50", "price_calculation": "$11.61 per 1kg", "category": "Meat & Seafood"},
{"title": "Coles No Added Hormone Beef Butterflied Texan BBQ | approx 800g", "price": "$16.00", "price_calculation": "$20.00 per 1kg", "category": "Meat & Seafood"},
{"title": "Talley's Mussels Natural | 375g", "price": "$7.00", "price_calculation": "$18.67 per 1kg", "category": "Meat & Seafood"},
{"title": "Coles Pork Scotch Fillet Steak | 300g", "price": "$6.00", "price_calculation": "$20.00 per 1kg", "category": "Meat & Seafood"},
{"title": "Goulburn River Hot Smoked Rainbow Trout | 300g", "price": "$11.40", "price_calculation": "$38.00 per 1kg", "category": "Meat & Seafood"},
{"title": "Coles Crumbed Pork Schnitzel Herb Crumb | 240g", "price": "$7.00", "price_calculation": "$29.17 per 1kg", "category": "Meat & Seafood"},
{"title": "Huon Salmon To Go Deli Bites Blackened Spice | 250g", "price": "$11.50", "price_calculation": "$46.00 per 1kg", "category": "Meat & Seafood"},
{"title": "Luv A Duck A L'orange Duck Legs | 500g", "price": "$8.50", "price_calculation": "$17.00 per 1kg", "category": "Meat & Seafood"},
{"title": "Cleaver's Beef Scotch Steak Free Range Organic 1 Piece                                                                                     | approx 400g", "price": "$19.84", "price_calculation": "$49.60 per 1kg", "category": "Meat & Seafood"},
{"title": "Coles Spicy Korean Chicken Bites | 450g", "price": "$10.00", "price_calculation": "$22.22 per 1kg", "category": "Meat & Seafood"},
{"title": "Coles Finest Carbon Neutral Beef Slow Cook Chuck Roast | approx 800g", "price": "$17.60", "price_calculation": "$22.00 per 1kg", "category": "Meat & Seafood"},
{"title": "K-Roo Kangaroo Diced | 500g", "price": "$11.50", "price_calculation": "$23.00 per 1kg", "category": "Meat & Seafood"},
{"title": "Wild Oz Venison Steak | approx 400g", "price": "$15.20", "price_calculation": "$38.00 per 1kg", "category": "Meat & Seafood"},
{"title": "Coles Pork Slow Cook Scotch Roast | approx 1.5kg", "price": "$19.50", "price_calculation": "$13.00 per 1kg", "category": "Meat & Seafood"},
{"title": "The Natural Confectionery Co. Rainbow Snakes Lollies | 220g", "price": "$4.00", "price_calculation": "$1.82 per 100g", "category": "Pantry"},
{"title": "Ocean Blue Mini Blinis | 168g", "price": "$4.90", "price_calculation": "$29.17 per 1kg", "category": "Meat & Seafood"},
{"title": "Coles Lean Salt Reduced Beef Corned Silverside | approx 1kg", "price": "$14.00", "price_calculation": "$14.00 per 1kg", "category": "Meat & Seafood"},
{"title": "Pringles Minis Sour Cream & Onion Potato Chips 5 pack | 95g", "price": "$4.00", "price_calculation": "$4.21 per 100g", "category": "Pantry"},
{"title": "Coles Deli Thawed Australian Cooked Black Tiger Prawns Medium | approx 250g", "price": "$6.25", "price_calculation": "$25.00 per 1kg", "category": "Meat & Seafood"},
{"title": "Coles Graze Grassfed Beef Stir Fry | 500g", "price": "$14.00", "price_calculation": "$28.00 per 1kg", "category": "Meat & Seafood"},
{"title": "Pantai Sriracha Chilli Sauce | 435mL", "price": "$4.55", "price_calculation": "$1.05 per 100mL", "category": "Pantry"},
{"title": "Coles BUTCHER HAM STEAKS | 375g", "price": "$6.50", "price_calculation": "$17.33 per 1kg", "category": "Meat & Seafood"},
{"title": "Tassal Salmon Portions Mustard And Dill | 300g", "price": "$14.00", "price_calculation": "$46.67 per 1kg", "category": "Meat & Seafood"},
{"title": "St Dalfour Wild Blueberry Spread | 284g", "price": "$5.70", "price_calculation": "$2.01 per 100g", "category": "Pantry"},
{"title": "Coles Slow Cooked Pulled Chicken | 250g", "price": "$8.30", "price_calculation": "$33.20 per 1kg", "category": "Meat & Seafood"},
{"title": "Coles Beef Tender Blade Roast | approx 1kg", "price": "$16.00", "price_calculation": "$16.00 per 1kg", "category": "Meat & Seafood"},
{"title": "Gold Sunset Canola Oil | 4L", "price": "$36.00", "price_calculation": "$0.90 per 100mL", "category": "Pantry"},
{"title": "Norfolk Bay Wood Smoked Mussels Garlic | 120g", "price": "$8.50", "price_calculation": "$70.83 per 1kg", "category": "Meat & Seafood"},
{"title": "Coles Made Easy Slow Cooked Lamb Shanks With Red In Sauce | 900g", "price": "$17.00", "price_calculation": "$18.89 per 1kg", "category": "Meat & Seafood"},
{"title": "Whittaker's Toasted Coconut Slab Milk Chocolate Bar | 50g", "price": "$1.00", "price_calculation": "$2.00 per 100g", "category": "Pantry"},
{"title": "Coles Pork Kiev With Katsu Sauce | 440g", "price": "$9.00", "price_calculation": "$20.45 per 1kg", "category": "Meat & Seafood"},
{"title": "Coles Lamb Boneless Leg Roast Small | approx 490g", "price": "$11.27", "price_calculation": "$23.00 per 1kg", "category": "Meat & Seafood"},
{"title": "Nestle KitKat Gold Caramelised White Chocolate Block | 170g", "price": "$2.75", "price_calculation": "$1.62 per 100g", "category": "Pantry"},
{"title": "Coles Graze Grassfed Beef Sausages | 500g", "price": "$8.00", "price_calculation": "$16.00 per 1kg", "category": "Meat & Seafood"},
{"title": "Nestle KitKat Mint Cookies & Cream Milk Chocolate Block  | 170g", "price": "$2.75", "price_calculation": "$1.62 per 100g", "category": "Pantry"},
{"title": "Oreo Milk Chocolate Wafer Sticks Biscuits | 128g", "price": "$3.00", "price_calculation": "$2.34 per 100g", "category": "Pantry"},
{"title": "Coles Rolled Oats Value Pack | 1.8 kg", "price": "$3.10", "price_calculation": "$0.17 per 100g", "category": "Pantry"},
{"title": "Cadbury Milk Chocolate Baking Chips | 200g", "price": "$3.50", "price_calculation": "$1.75 per 100g", "category": "Pantry"},
{"title": "Cheetos Puffs Party Bag | 165g", "price": "$4.00", "price_calculation": "$2.42 per 100g", "category": "Pantry"},
{"title": "Coles Ultimate 40% Triple Chocolate Chip Cookie | 400g", "price": "$4.00", "price_calculation": "$1.00 per 100g", "category": "Pantry"},
{"title": "Coles Medjool Dates loose | approx 200g", "price": "$4.40", "price_calculation": "$22.00 per 1kg", "category": "Pantry"},
{"title": "Continental Sensations Harvest Pumpkin & Sour Cream Soup Serves 2 | 70g", "price": "$1.75", "price_calculation": "$2.50 per 100g", "category": "Pantry"},
{"title": "Coles Corn Spears Young | 410g", "price": "$1.90", "price_calculation": "$4.63 per 1kg", "category": "Pantry"},
{"title": "Nissin Seafood Noodle Cup | 72g", "price": "$1.95", "price_calculation": "$2.71 per 100g", "category": "Pantry"},
{"title": "White Wings Self Raising Flour | 1kg", "price": "$2.00", "price_calculation": "$2.00 per 1kg", "category": "Pantry"},
{"title": "Wild Tides Tuna Olive Oil | 95g", "price": "$2.50", "price_calculation": "$26.32 per 1kg", "category": "Pantry"},
{"title": "Doritos Thai Sweet Chilli Corn Chips | 150g", "price": "$3.35", "price_calculation": "$2.23 per 100g", "category": "Pantry"},
{"title": "Coles Brown Sugar | 1kg", "price": "$3.40", "price_calculation": "$0.34 per 100g", "category": "Pantry"},
{"title": "The Natural Confectionery Co. Party Mix Lollies | 220g", "price": "$4.00", "price_calculation": "$1.82 per 100g", "category": "Pantry"},
{"title": "Coles Organic Fairtrade Gold Freeze Dried Coffee | 100g", "price": "$4.00", "price_calculation": "$4.00 per 100g", "category": "Pantry"},
{"title": "Lee Kum Kee Soy Sauce | 500mL", "price": "$4.30", "price_calculation": "$0.86 per 100mL", "category": "Pantry"},
{"title": "Oreo Original Cookies Family Pack  | 370g", "price": "$4.50", "price_calculation": "$1.22 per 100g", "category": "Pantry"},
{"title": "Milky Way Chocolate Party Share Bag 15 Piece | 180g", "price": "$5.00", "price_calculation": "$2.78 per 100g", "category": "Pantry"},
{"title": "St Dalfour Red Raspberry Spread | 284g", "price": "$5.70", "price_calculation": "$2.01 per 100g", "category": "Pantry"},
{"title": "Edgell 4 Bean Mix | 400g", "price": "$1.70", "price_calculation": "$4.25 per 1kg", "category": "Pantry"},
{"title": "Oreo Crme Biscuits Choc Mint | 131g", "price": "$1.75", "price_calculation": "$1.34 per 100g", "category": "Pantry"},
{"title": "Peckish Cheese Rice Crackers | 100g", "price": "$2.50", "price_calculation": "$2.50 per 100g", "category": "Pantry"},
{"title": "Leggo's Bolognese with Chunky Tomato Garlic & Herbs Pasta Sauce | 500g", "price": "$4.30", "price_calculation": "$0.86 per 100g", "category": "Pantry"},
{"title": "The Natural Confectionery Co. Party Mix Lollies Value Bag | 430g", "price": "$5.00", "price_calculation": "$1.16 per 100g", "category": "Pantry"},
{"title": "Continental Chicken Noodle Soup Serves 4 | 45g", "price": "$1.20", "price_calculation": "$2.67 per 100g", "category": "Pantry"},
{"title": "Continental Sensation Creamy Roast Chicken Spring Onion Soup Serves 2 | 61g", "price": "$1.75", "price_calculation": "$2.87 per 100g", "category": "Pantry"},
{"title": "Poppin Explosion Triple Butter Popcorn | 100g", "price": "$2.00", "price_calculation": "$2.00 per 100g", "category": "Pantry"},
{"title": "Lifesavers Cola Stix Sherbert | 200g", "price": "$2.00", "price_calculation": "$1.00 per 100g", "category": "Pantry"},
{"title": "Coles Garlic Aioli | 350g", "price": "$3.20", "price_calculation": "$0.91 per 100g", "category": "Pantry"},
{"title": "The Natural Confectionery Co. Fruity Chews Lollies | 180g", "price": "$4.00", "price_calculation": "$2.22 per 100g", "category": "Pantry"},
{"title": "Extra White Peppermint Sugar Free Chewing Gum | 64g", "price": "$4.50", "price_calculation": "$7.03 per 100g", "category": "Pantry"},
{"title": "Coles 100% Australian Sultanas | 1kg", "price": "$5.00", "price_calculation": "$5.00 per 1kg", "category": "Pantry"},
{"title": "Coles Natures Kitchen Vegetable Lasagne | 400g", "price": null, "price_calculation": null, "category": "Dairy, Eggs & Fridge"},
{"title": "Coles Finest British Oak Smoked Cheddar | approx 200g", "price": "$7.50", "price_calculation": "$37.50 per 1kg", "category": "Dairy, Eggs & Fridge"},
{"title": "Coles Lamb Whole Lamb Leg Roast | approx 2.8kg", "price": "$33.60", "price_calculation": "$12.00 per 1kg", "category": "Meat & Seafood"},
{"title": "Nippy's Coffee Flavoured Multipack Long Life Milk 375mL | 4 pack", "price": "$7.60", "price_calculation": "$5.07 per 1L", "category": "Dairy, Eggs & Fridge"},
{"title": "Coles Butcher Lamb Loin Chops Bulk Large Tray | approx 905g", "price": "$18.10", "price_calculation": "$20.00 per 1kg", "category": "Meat & Seafood"},
{"title": "Cheer Aussie Jack Cheese Slices | 250g", "price": "$8.00", "price_calculation": "$32.00 per 1kg", "category": "Dairy, Eggs & Fridge"},
{"title": "Coles RSPCA Approved Chicken Mince | 500g", "price": "$6.50", "price_calculation": "$13.00 per 1kg", "category": "Meat & Seafood"},
{"title": "Coles Kitchen BBQ Chicken & Rice | 350g", "price": null, "price_calculation": null, "category": "Dairy, Eggs & Fridge"},
{"title": "Lilydale Free Range Chicken Drumsticks Bulk Pack                | approx 1kg", "price": "$7.50", "price_calculation": "$7.50 per 1kg", "category": "Meat & Seafood"},
{"title": "Jindi Triple Cream Brie | 180g", "price": "$8.50", "price_calculation": "$47.22 per 1kg", "category": "Dairy, Eggs & Fridge"},
{"title": "Coles RSPCA Approved Free Range Chicken Thigh Cutlets | approx 1.05kg", "price": "$11.55", "price_calculation": "$11.00 per 1kg", "category": "Meat & Seafood"},
{"title": "Coles Finest Beef Ragu Fettucine | 400g", "price": "$9.50", "price_calculation": "$2.38 per 100g", "category": "Dairy, Eggs & Fridge"},
{"title": "Drovers Beef Mince Big Value Pack | approx 1.9kg", "price": "$21.85", "price_calculation": "$11.50 per 1kg", "category": "Meat & Seafood"},
{"title": "Coles Finest Mushroom Risotto | 400g", "price": null, "price_calculation": null, "category": "Dairy, Eggs & Fridge"},
{"title": "Coles Deli Thawed Cooked Vannamei Prawns | approx 250g", "price": "$4.50", "price_calculation": "$18.00 per 1kg", "category": "Meat & Seafood"},
{"title": "Dineamic Braised Beef Mushroom & Veg | 360g", "price": "$9.85", "price_calculation": "$2.74 per 100g", "category": "Dairy, Eggs & Fridge"},
{"title": "Coles Graze Grass Fed Beef Mince | 500g", "price": "$10.00", "price_calculation": "$20.00 per 1kg", "category": "Meat & Seafood"},
{"title": "Cucina Classica Beef Lasagna | 350g", "price": "$9.90", "price_calculation": "$2.83 per 100g", "category": "Dairy, Eggs & Fridge"},
{"title": "Coles Deli Thawed Australian Cooked Black Tiger Prawns Large | approx 250g", "price": "$8.00", "price_calculation": "$32.00 per 1kg", "category": "Meat & Seafood"},
{"title": "Cucina Classica Rigatoni Bolognese | 320g", "price": "$9.90", "price_calculation": "$3.09 per 100g", "category": "Dairy, Eggs & Fridge"},
{"title": "Coles Bulk Lamb Cutlets | approx 775g", "price": "$33.33", "price_calculation": "$43.00 per 1kg", "category": "Meat & Seafood"},
{"title": "King Island Dairy Stokes Point Smoked Cheddar Cheese | 170g", "price": "$10.95", "price_calculation": "$64.41 per 1kg", "category": "Dairy, Eggs & Fridge"},
{"title": "Coles Beef Stir Fry Strips | 500g", "price": "$13.00", "price_calculation": "$26.00 per 1kg", "category": "Meat & Seafood"},
{"title": "King Island Dairy Phoques Cove Camembert Cheese | 200g", "price": "$14.95", "price_calculation": "$74.75 per 1kg", "category": "Dairy, Eggs & Fridge"},
{"title": "Coles Lamb Leg Roast Half | approx 1.74kg", "price": "$26.10", "price_calculation": "$15.00 per 1kg", "category": "Meat & Seafood"},
{"title": "Ashgrove Taste of Tassie Cheese Selection | 250g", "price": "$15.00", "price_calculation": "$60.00 per 1kg", "category": "Dairy, Eggs & Fridge"},
{"title": "Coles Deli Thawed Raw Whole Gulf Squid | approx 250g", "price": "$5.25", "price_calculation": "$21.00 per 1kg", "category": "Meat & Seafood"},
{"title": "Coles Finest French Double Cream Brie | approx 100g", "price": "$7.00", "price_calculation": "$70.00 per 1kg", "category": "Dairy, Eggs & Fridge"},
{"title": "Coles Butcher Lamb Forequarter Chops | approx 500g", "price": "$7.50", "price_calculation": "$15.00 per 1kg", "category": "Meat & Seafood"},
{"title": "Tarago Triple Cream | approx 100g", "price": "$7.70", "price_calculation": "$77.00 per 1kg", "category": "Dairy, Eggs & Fridge"},
{"title": "The Bare Bird Chicken Thigh Fillets | approx 500g", "price": "$9.00", "price_calculation": "$18.00 per 1kg", "category": "Meat & Seafood"},
{"title": "Fantastic Singapore Noodles | 350g", "price": "$2.00", "price_calculation": "$0.57 per 100g", "category": "Dairy, Eggs & Fridge"},
{"title": "Lilydale Free Range Chicken Tenderloins | 500g", "price": "$13.00", "price_calculation": "$26.00 per 1kg", "category": "Meat & Seafood"},
{"title": "Coles TASTY CHEESE BITES & SOY CRISPS | 45g", "price": "$2.30", "price_calculation": "$5.11 per 100g", "category": "Dairy, Eggs & Fridge"},
{"title": "Coles Sausage Mince | 500g", "price": "$6.00", "price_calculation": "$12.00 per 1kg", "category": "Meat & Seafood"},
{"title": "Big M Banana Split Flavoured Milk | 500mL", "price": "$2.90", "price_calculation": "$5.80 per 1L", "category": "Dairy, Eggs & Fridge"},
{"title": "Coles Beef Sizzle Steak | 400g", "price": "$12.00", "price_calculation": "$30.00 per 1kg", "category": "Meat & Seafood"},
{"title": "Pauls Custard Violet Crumble | 170g", "price": "$3.00", "price_calculation": "$1.76 per 100g", "category": "Dairy, Eggs & Fridge"},
{"title": "Coles RSPCA Approved Chicken Wing Nibbles | approx 1.1kg", "price": "$8.80", "price_calculation": "$8.00 per 1kg", "category": "Meat & Seafood"},
{"title": "Coles Finest Italian Passata Sauced Pizza Base | 250g", "price": "$3.20", "price_calculation": "$1.28 per 100g", "category": "Dairy, Eggs & Fridge"},
{"title": "Coles RSPCA Approved Free Range Chicken Whole | approx 1.6kg", "price": "$11.20", "price_calculation": "$7.00 per 1kg", "category": "Meat & Seafood"},
{"title": "Coles Kitchen Cheese Salami & Crackers | 60g", "price": "$3.30", "price_calculation": "$5.50 per 100g", "category": "Dairy, Eggs & Fridge"},
{"title": "Steggles Turkey Mince | 500g", "price": "$6.50", "price_calculation": "$13.00 per 1kg", "category": "Meat & Seafood"},
{"title": "Moondarra Cheese Honey Fig & Macadamia | 120g", "price": "$3.30", "price_calculation": "$27.50 per 1kg", "category": "Dairy, Eggs & Fridge"},
{"title": "Coles Beef Scotch Steak Fillet 2 Pack | 480g", "price": "$21.00", "price_calculation": "$43.75 per 1kg", "category": "Meat & Seafood"},
{"title": "Red Rock Deli Dip Singles Caramelised French Onion 3X50G | 150g", "price": "$4.00", "price_calculation": "$2.67 per 100g", "category": "Dairy, Eggs & Fridge"},
{"title": "Coles Beef Diced                                                                                                                      | 500g", "price": "$11.00", "price_calculation": "$22.00 per 1kg", "category": "Meat & Seafood"},
{"title": "Chatime Brown Sugar Bubble Tea Can | 310mL", "price": "$4.00", "price_calculation": "$12.90 per 1L", "category": "Dairy, Eggs & Fridge"},
{"title": "Coles RSPCA Approved Chicken Mixed Portions Southern Fried | approx 1.3kg", "price": "$15.60", "price_calculation": "$12.00 per 1kg", "category": "Meat & Seafood"},
{"title": "Primo Cabanossi Barbeque Shapes & Tasty Cheese | 50g", "price": "$4.25", "price_calculation": "$8.50 per 100g", "category": "Dairy, Eggs & Fridge"},
{"title": "Coles Beef Fillet Steak Small | 300g", "price": "$16.00", "price_calculation": "$53.34 per 1kg", "category": "Meat & Seafood"},
{"title": "Mersey Valley Original Spreadable Cheddar Cheese | 150g", "price": "$4.30", "price_calculation": "$28.67 per 1kg", "category": "Dairy, Eggs & Fridge"},
{"title": "Coles RSPCA Approved Chicken Tenderloins | approx 600g", "price": "$9.90", "price_calculation": "$16.50 per 1kg", "category": "Meat & Seafood"},
{"title": "Yumi's Choice Dip Rocket & Basil Pesto With Roasted Almonds | 150g", "price": "$4.50", "price_calculation": "$3.00 per 100g", "category": "Dairy, Eggs & Fridge"},
{"title": "Ocean Blue Smoked Salmon | 350g", "price": "$17.50", "price_calculation": "$50.00 per 1kg", "category": "Meat & Seafood"},
{"title": "Coles Finest Pate | 150g", "price": "$4.80", "price_calculation": "$32.00 per 1kg", "category": "Dairy, Eggs & Fridge"},
{"title": "Coles Pork Sirloin Steak | 500g", "price": "$9.00", "price_calculation": "$18.00 per 1kg", "category": "Meat & Seafood"},
{"title": "Garlos Lean Beef Pie | 200g", "price": "$4.80", "price_calculation": "$2.40 per 100g", "category": "Dairy, Eggs & Fridge"},
{"title": "Coles Corned Silverside | approx 1.4kg", "price": "$14.00", "price_calculation": "$10.00 per 1kg", "category": "Meat & Seafood"},
{"title": "Australian Gold Dairy Cheese Camembert | 115g", "price": "$4.95", "price_calculation": "$43.04 per 1kg", "category": "Dairy, Eggs & Fridge"},
{"title": "Coles Pork Loin Chops | approx 800g", "price": "$12.80", "price_calculation": "$16.00 per 1kg", "category": "Meat & Seafood"},
{"title": "Coles Ham & Cheese Tortellini | 600g", "price": "$5.00", "price_calculation": "$0.83 per 100g", "category": "Dairy, Eggs & Fridge"},
{"title": "Coles RSPCA Approved Free Range Chicken Breast Fillet Small Pack | approx 600g", "price": "$10.20", "price_calculation": "$17.00 per 1kg", "category": "Meat & Seafood"},
{"title": "The Laughing Cow Cheese Lactose Free | 120g", "price": "$5.00", "price_calculation": "$41.67 per 1kg", "category": "Dairy, Eggs & Fridge"},
{"title": "Coles Deli Thawed Cooked Prawn Plate Small | 200g", "price": "$10.30", "price_calculation": "$51.50 per 1kg", "category": "Meat & Seafood"},
{"title": "Coles Perform Pasta Veg | 360g", "price": "$5.00", "price_calculation": "$1.39 per 100g", "category": "Dairy, Eggs & Fridge"},
{"title": "Lilydale Chicken Breast Schnitzels | 400g", "price": "$10.50", "price_calculation": "$26.25 per 1kg", "category": "Meat & Seafood"},
{"title": "Coles Smooth Blue Cheese | 150g", "price": "$5.20", "price_calculation": "$34.67 per 1kg", "category": "Dairy, Eggs & Fridge"},
{"title": "Coles No Added Hormone Beef Scotch Steak With Truffle Inspired Butter | 265g", "price": "$11.00", "price_calculation": "$41.51 per 1kg", "category": "Meat & Seafood"},
{"title": "Yumi's Thai Spiced Fritters 6 Pack | 260g", "price": "$5.50", "price_calculation": "$2.12 per 100g", "category": "Dairy, Eggs & Fridge"},
{"title": "Coles Prawns Raw Peeled | 260g", "price": "$12.50", "price_calculation": "$48.08 per 1kg", "category": "Meat & Seafood"},
{"title": "Mainland Grazing Platter For One Fruit & Nut | 88g", "price": "$5.50", "price_calculation": "$6.25 per 100g", "category": "Dairy, Eggs & Fridge"},
{"title": "Coles RSPCA Chicken Schnitzel Plain Crumb | 1.2kg", "price": "$12.50", "price_calculation": "$10.42 per 1kg", "category": "Meat & Seafood"},
{"title": "Ashgrove Three Peaks Tassie Trio Cheese | 140g", "price": "$6.00", "price_calculation": "$42.86 per 1kg", "category": "Dairy, Eggs & Fridge"},
{"title": "Tassal Tasmanian Smoked Salmon | 250g", "price": "$14.00", "price_calculation": "$56.00 per 1kg", "category": "Meat & Seafood"},
{"title": "Babybel Mini Cheese Original Protein 5 Pack | 100g", "price": "$6.25", "price_calculation": "$62.50 per 1kg", "category": "Dairy, Eggs & Fridge"},
{"title": "Coles RSPCA Approved Chicken V Wings | approx 1.1kg", "price": "$9.35", "price_calculation": "$8.50 per 1kg", "category": "Meat & Seafood"},
{"title": "Liddells Cream Cheese | 250g", "price": "$6.30", "price_calculation": "$25.20 per 1kg", "category": "Dairy, Eggs & Fridge"},
{"title": "Lilydale Free Range Whole Chicken | approx 1.27kg", "price": "$11.43", "price_calculation": "$9.00 per 1kg", "category": "Meat & Seafood"},
{"title": "Primo Lunch Plate Leg Ham & Tomato Chutney | 110g", "price": "$6.50", "price_calculation": "$5.91 per 100g", "category": "Dairy, Eggs & Fridge"},
{"title": "Coles No Added Hormone Beef Porterhouse Steak With Thyme And Pepper Butter | 500g", "price": "$17.00", "price_calculation": "$34.00 per 1kg", "category": "Meat & Seafood"},
{"title": "Latina Fresh Creamy Carbonara Pasta Sauce | 425g", "price": "$6.50", "price_calculation": "$1.53 per 100g", "category": "Dairy, Eggs & Fridge"},
{"title": "Coles Lamb Boneless Shoulder Roast | approx 1.3kg", "price": "$28.60", "price_calculation": "$22.00 per 1kg", "category": "Meat & Seafood"},
{"title": "Liddells Colby Cheese Slices | 250g", "price": "$6.95", "price_calculation": "$27.80 per 1kg", "category": "Dairy, Eggs & Fridge"},
{"title": "Coles Tasmanian Salmon Portions Skin On | 280g", "price": "$12.00", "price_calculation": "$42.86 per 1kg", "category": "Meat & Seafood"},
{"title": "Coles RSPCA Approved Chicken Breast Schnitzel Plain Crumb | 600g", "price": "$10.50", "price_calculation": "$17.50 per 1kg", "category": "Meat & Seafood"},
{"title": "Lynx Men Body Wash Africa | 400mL", "price": "$6.50", "price_calculation": "$1.63 per 100mL", "category": "Health & Beauty"},
{"title": "Coloxyl with Senna Softener Plus Laxative Tablets | 45 pack", "price": "$6.90", "price_calculation": "$0.15 per 1ea", "category": "Health & Beauty"},
{"title": "Gillette Refreshing Breeze After Shave Splash | 50mL", "price": "$6.90", "price_calculation": "$13.80 per 100mL", "category": "Health & Beauty"},
{"title": "Poise Pads For Bladder Leaks Overnight | 8 pack", "price": "$6.95", "price_calculation": "$0.87 per 1ea", "category": "Health & Beauty"},
{"title": "Poise Pads For Bladder Leaks Extra Plus | 10 pack", "price": "$7.00", "price_calculation": "$0.70 per 1ea", "category": "Health & Beauty"},
{"title": "Colgate Whitening & Tartar Pump Toothpaste | 130g", "price": "$7.20", "price_calculation": "$5.54 per 100g", "category": "Health & Beauty"},
{"title": "Gillette Sensor 3 Sensitive Disposable Razors | 4 pack", "price": "$7.50", "price_calculation": "$1.88 per 1ea", "category": "Health & Beauty"},
{"title": "Scunci Effortless Beauty Zigzag Headband | 2 pack", "price": "$8.00", "price_calculation": "$4.00 per 1ea", "category": "Health & Beauty"},
{"title": "Lynx Men Aerosol Anarchy Deodorant | 165mL", "price": "$8.00", "price_calculation": "$4.85 per 100mL", "category": "Health & Beauty"},
{"title": "Listerine Citrus Fruit Mouthwash | 500mL", "price": "$8.00", "price_calculation": "$1.60 per 100mL", "category": "Health & Beauty"},
{"title": "Dove Men+Care Antiperspirant Aerosol Refreshing Eucalyptus & Birch | 254mL", "price": "$8.50", "price_calculation": "$3.35 per 100mL", "category": "Health & Beauty"},
{"title": "Quick-Eze Antacid Original Tablets | 5 pack", "price": "$9.00", "price_calculation": "$0.15 per 1ea", "category": "Health & Beauty"},
{"title": "Skin Control Pimple Patch Everyday | 36 pack", "price": "$9.00", "price_calculation": "$0.25 per 1ea", "category": "Health & Beauty"},
{"title": "Always Discreet Long Incontinence Pads | 10 pack", "price": "$9.00", "price_calculation": "$0.90 per 1ea", "category": "Health & Beauty"},
{"title": "Difflam Plus Blackcurrant Flavour Anaesthetic Lozenges | 16 pack", "price": "$10.00", "price_calculation": "$0.63 per 1ea", "category": "Health & Beauty"},
{"title": "Betadine Sore Throat Lozenges Anaesthetic Honey & Lemon | 36 pack", "price": "$10.00", "price_calculation": "$0.28 per 1ea", "category": "Health & Beauty"},
{"title": "Skyn Original Condoms  | 10 Pack", "price": "$10.50", "price_calculation": "$1.05 per 1ea", "category": "Health & Beauty"},
{"title": "Caltrate Bone & Muscle Health Tablets | 100 pack", "price": "$10.50", "price_calculation": "$10.50 per 100ea", "category": "Health & Beauty"},
{"title": "Robitussin Cold & Chesty Cough Syrup | 200mL", "price": "$10.80", "price_calculation": "$5.40 per 100mL", "category": "Health & Beauty"},
{"title": "L'Oreal Men Pure Charcoal Anti-Blackhead Face Scrub | 100mL", "price": "$11.00", "price_calculation": "$11.00 per 100mL", "category": "Health & Beauty"},
{"title": "Codral Mucus Cough + Cold Oral Liquid Raspberry Flavour | 200mL", "price": "$11.00", "price_calculation": "$5.50 per 100mL", "category": "Health & Beauty"},
{"title": "Selsun Gold Anti Dandruff Shampoo Treatment | 200mL", "price": "$11.30", "price_calculation": "$5.65 per 100mL", "category": "Health & Beauty"},
{"title": "Systane Ultra Lubricant Eye Drops | 10mL", "price": "$11.50", "price_calculation": "$115.00 per 100mL", "category": "Health & Beauty"},
{"title": "Colgate Toothbrush Comfort | 2 pack", "price": "$12.00", "price_calculation": "$6.00 per 1ea", "category": "Health & Beauty"},
{"title": "Strepsils Orange Throat Lozenges | 36 pack", "price": "$12.00", "price_calculation": "$0.33 per 1ea", "category": "Health & Beauty"},
{"title": "Aveeno Daily Moisturising Body Wash | 1L", "price": "$13.00", "price_calculation": "$1.30 per 100mL", "category": "Health & Beauty"},
{"title": "Gillette Blue 3 Disposable Shaving Razor | 8 pack", "price": "$13.00", "price_calculation": "$1.63 per 1ea", "category": "Health & Beauty"},
{"title": "Lemsip Cold & Flu Max | 10 pack", "price": "$13.00", "price_calculation": "$1.30 per 1ea", "category": "Health & Beauty"},
{"title": "Redwin Extra Sensitive Body Wash | 1L", "price": "$13.00", "price_calculation": "$1.30 per 100mL", "category": "Health & Beauty"},
{"title": "Nurofen Cold & Flu Ibuprofen 200mg Tablets | 24 pack", "price": "$13.75", "price_calculation": "$0.57 per 1ea", "category": "Health & Beauty"},
{"title": "Colgate 360 Optic White Toothbrush Soft | 3 pack", "price": "$14.00", "price_calculation": "$4.67 per 1ea", "category": "Health & Beauty"},
{"title": "Tresemme Cleanse Replenish Shampoo | 940mL", "price": "$14.00", "price_calculation": "$1.49 per 100mL", "category": "Health & Beauty"},
{"title": "Palmolive Naturals Body Wash Anti Stress | 1.8L", "price": "$14.00", "price_calculation": "$0.78 per 100mL", "category": "Health & Beauty"},
{"title": "Cenovis Men's Multivitamin + PerFormance Multi Capsules | 100 pack", "price": "$16.40", "price_calculation": "$0.16 per 1ea", "category": "Health & Beauty"},
{"title": "Ease A Cold Cough Cold & Flu Day & Night Capsules | 24 pack", "price": "$18.30", "price_calculation": "$0.76 per 1ea", "category": "Health & Beauty"},
{"title": "Gillette Fusion Razor Handle +2 Blade | 1 pack", "price": "$20.00", "price_calculation": "$20.00 per 1ea", "category": "Health & Beauty"},
{"title": "Nature's Way Kids Smart Vita Gummies Immune Support | 120 pack", "price": "$30.00", "price_calculation": "$0.25 per 1ea", "category": "Health & Beauty"},
{"title": "Gillette Mach3+ Razor Cartridge | 8 pack", "price": "$33.00", "price_calculation": "$4.13 per 1ea", "category": "Health & Beauty"},
{"title": "L'Oreal Revitalift Day Cream | 50mL", "price": "$37.00", "price_calculation": "$74.00 per 100mL", "category": "Health & Beauty"},
{"title": "Coles Soap Case | 1 pack", "price": "$1.50", "price_calculation": "$1.50 per 1ea", "category": "Health & Beauty"},
{"title": "Coles Paracetamol Caplets Bottles | 20 pack", "price": "$2.00", "price_calculation": "$0.10 per 1ea", "category": "Health & Beauty"},
{"title": "Coles Mint Fresh Mouthwash | 500mL", "price": "$2.00", "price_calculation": "$0.40 per 100mL", "category": "Health & Beauty"},
{"title": "Coles Medistrips Plastic Strips | 100 pack", "price": "$2.20", "price_calculation": "$0.02 per 1ea", "category": "Health & Beauty"},
{"title": "Wet Ones Be Gentle Anti-Bacterial Hand & Face Wipes | 15 pack", "price": "$2.20", "price_calculation": "$0.15 per 1ea", "category": "Health & Beauty"},
{"title": "Core Power Foods Pasta La Vista | 350g", "price": "$9.00", "price_calculation": "$2.57 per 100g", "category": "Frozen"},
{"title": "Plantry Frozen Plant Based Meal Spaghetti Bolognese | 350g", "price": "$9.00", "price_calculation": "$2.57 per 100g", "category": "Frozen"},
{"title": "Gym Bod Chocolate Pudding | 475mL", "price": "$9.00", "price_calculation": "$1.89 per 100mL", "category": "Frozen"},
{"title": "Arepa Nootropic Brain Drink Performance | 300mL", "price": "$6.50", "price_calculation": "$21.67 per 1L", "category": "Drinks"},
{"title": "Plantry Pad See Ew Meal | 350g", "price": "$9.00", "price_calculation": "$2.57 per 100g", "category": "Frozen"},
{"title": "Pepsi Max Glass Soft Drink 300mL | 4 pack", "price": "$6.90", "price_calculation": "$5.75 per 1L", "category": "Drinks"},
{"title": "Plantry Frozen Plant Based Teriyaki Meal | 350g", "price": "$9.00", "price_calculation": "$2.57 per 100g", "category": "Frozen"},
{"title": "Passiona Soft Drink 375mL | 10 pack", "price": "$7.50", "price_calculation": "$2.00 per 1L", "category": "Drinks"},
{"title": "McCain Pub Size Southern Style Chicken | 480g", "price": "$9.50", "price_calculation": "$1.98 per 100g", "category": "Frozen"},
{"title": "Nippy's Coffee Flavoured Multipack Long Life Milk 375mL | 4 pack", "price": "$7.60", "price_calculation": "$5.07 per 1L", "category": "Drinks"},
{"title": "Connoisseur Ice Cream Cookies & Cream 4 Pack | 400mL", "price": "$9.50", "price_calculation": "$2.38 per 100mL", "category": "Frozen"},
{"title": "Nescafe Caramel Latte Coffee Sachets | 10 pack", "price": "$7.60", "price_calculation": "$0.76 per 1ea", "category": "Drinks"},
{"title": "Connoisseur Ice Cream Roasted Hazelnut 4 Pack | 400mL", "price": "$9.50", "price_calculation": "$2.38 per 100mL", "category": "Frozen"},
{"title": "Lavazza Decaffeinated Ground Coffee Medium Roast | 250g", "price": "$7.70", "price_calculation": "$3.08 per 100g", "category": "Drinks"},
{"title": "Connoisseur Rocky Road 4 Pack | 360mL", "price": "$9.50", "price_calculation": "$2.64 per 100mL", "category": "Frozen"},
{"title": "Nescafe Caramel Latte Coffee Sachets | 26 Pack", "price": "$11.00", "price_calculation": "$0.42 per 1ea", "category": "Drinks"},
{"title": "Drumstick Ice Cream Cua Vanilla Caramel 4pack | 475mL", "price": "$9.50", "price_calculation": "$2.00 per 100mL", "category": "Frozen"},
{"title": "Red Bull Energy Drink Watermelon 4X250mL | 4 pack", "price": "$11.25", "price_calculation": "$11.25 per 1L", "category": "Drinks"},
{"title": "Birds Eye Frozen South Atlantic Flathead Crisp Light Batter Fillets 5 Pack | 250g", "price": "$10.00", "price_calculation": "$40.00 per 1kg", "category": "Frozen"},
{"title": "Red Bull Fig Apple Energy Drink 4x250mL | 4 pack", "price": "$11.25", "price_calculation": "$11.25 per 1L", "category": "Drinks"},
{"title": "Coles Frozen Fish Fillet Crumbed | 1kg", "price": "$10.00", "price_calculation": "$10.00 per 1kg", "category": "Frozen"},
{"title": "Moccona Caramel Flavor Infused Instant Coffee | 95g", "price": "$11.50", "price_calculation": "$12.11 per 100g", "category": "Drinks"},
{"title": "Gelatissimo Gelato Decadent Chocolate Tub | 473mL", "price": "$10.00", "price_calculation": "$2.11 per 100mL", "category": "Frozen"},
{"title": "Starbucks  Medium Roast Premium Instant Coffee | 90g", "price": "$13.00", "price_calculation": "$14.44 per 100g", "category": "Drinks"},
{"title": "Sapporo Can 500mL | 4 Pack", "price": "$20.00", "price_calculation": "$10.00 per 1L", "category": "Liquor"},
{"title": "Gelatissimo Gelato Peanut Butter Brownie Tub | 473mL", "price": "$10.00", "price_calculation": "$2.11 per 100mL", "category": "Frozen"},
{"title": "Vittoria Espresso Coffee Beans | 500g", "price": "$14.00", "price_calculation": "$2.80 per 100g", "category": "Drinks"},
{"title": "Camshorn Pinot Gris 750mL | 1 Each", "price": "$24.00", "price_calculation": "$32.00 per 1L", "category": "Liquor"},
{"title": "Coles Chicken Kiev Balls | 720g", "price": "$11.50", "price_calculation": "$1.60 per 100g", "category": "Frozen"},
{"title": "Heineken 0.0 Bottle 330mL | 6 pack", "price": null, "price_calculation": null, "category": "Drinks"},
{"title": "Good Tides Hard Seltzer Raspberry Vodka 330mL | 4 Pack", "price": "$19.00", "price_calculation": "$14.39 per 1L", "category": "Liquor"},
{"title": "Haagen-Dazs Vanilla Ice Cream Tubs | 457mL", "price": "$13.50", "price_calculation": "$2.95 per 100mL", "category": "Frozen"},
{"title": "Pepsi Cola Soft Drink 375mL | 30 pack", "price": "$23.00", "price_calculation": "$2.04 per 1L", "category": "Drinks"},
{"title": "Pepperjack Sauvignon Blanc 750mL | 1 Each", "price": "$25.00", "price_calculation": "$33.33 per 1L", "category": "Liquor"},
{"title": "Nood Dry Dog Food Sustainable  Salmon Recipe With Superfoods | 3kg", "price": "$23.00", "price_calculation": "$0.77 per 100g", "category": "Pet"},
{"title": "KB's Sea Creature Crumbed Fish Bites | 1kg", "price": "$13.75", "price_calculation": "$13.75 per 1kg", "category": "Frozen"},
{"title": "Wolf Blass Zero Shiraz 750mL | 1 Each", "price": "$13.00", "price_calculation": null, "category": "Drinks"},
{"title": "Southern Comfort 1 Litre | 1 Each", "price": "$59.00", "price_calculation": "$59.00 per 1L", "category": "Liquor"},
{"title": "Supercoat Adult With Beef Dry Dog Food | 7kg", "price": "$28.00", "price_calculation": "$0.40 per 100g", "category": "Pet"},
{"title": "Birds Eye Frozen Fish Fillets With Original Crumb Oven Bake 14 Pieces | 1kg", "price": "$17.00", "price_calculation": "$17.00 per 1kg", "category": "Frozen"},
{"title": "Queen Victoria English Breakfast Tea Bags | 10 pack", "price": "$1.30", "price_calculation": "$0.13 per 1ea", "category": "Drinks"},
{"title": "Kim Crawford Pinot Gris 750mL | 1 Each", "price": "$22.00", "price_calculation": "$29.33 per 1L", "category": "Liquor"},
{"title": "Pet Treat Bar Beef Tendons | approx 100g", "price": "$6.00", "price_calculation": "$60.00 per 1kg", "category": "Pet"},
{"title": "KB's Raw Prawn | 1kg", "price": "$29.00", "price_calculation": "$29.00 per 1kg", "category": "Frozen"},
{"title": "Mr D's Cola Drink | 500mL", "price": "$2.30", "price_calculation": "$4.60 per 1L", "category": "Drinks"},
{"title": "Selaks Taste Collection Berries & Cream Rose 750mL | 1 Each", "price": "$13.00", "price_calculation": "$17.33 per 1L", "category": "Liquor"},
{"title": "My Dog Adult 7+ With Tender Turkey Rice & Vegetable Medley Wet Dog Food | 100g", "price": "$1.70", "price_calculation": "$1.70 per 100g", "category": "Pet"},
{"title": "Coles Frozen Diced Avocado | 300g", "price": "$4.00", "price_calculation": "$13.33 per 1kg", "category": "Frozen"},
{"title": "Schweppes Agrum  Blood Orange Mixers Soft Drink 300mL | 4 pack", "price": "$6.90", "price_calculation": "$5.75 per 1L", "category": "Drinks"},
{"title": "Smirnoff Vodka 50mL | 1 Each", "price": "$10.00", "price_calculation": "$200.00 per 1L", "category": "Liquor"},
{"title": "My Dog Classic Loaf With Juicy Lamb Tray Adult Wet Dog Food | 100g", "price": "$1.70", "price_calculation": "$1.70 per 100g", "category": "Pet"},
{"title": "McCain Frozen Healthy Choice Butter Chicken With Steamed Rice | 300g", "price": "$5.00", "price_calculation": "$1.67 per 100g", "category": "Frozen"},
{"title": "Prima Tropical Fruit Drink Multipack 200mL | 6 pack", "price": "$3.00", "price_calculation": "$2.50 per 1L", "category": "Drinks"},
{"title": "Starward Two Fold Whisky 700mL | 1 Each", "price": "$62.00", "price_calculation": "$88.57 per 1L", "category": "Liquor"},
{"title": "Coles Tuna Adult Cat Food | 400g", "price": "$1.75", "price_calculation": "$0.44 per 100g", "category": "Pet"},
{"title": "Pampas Frozen Filo Pastry 18-20 Sheets | 375g", "price": "$5.00", "price_calculation": "$1.33 per 100g", "category": "Frozen"},
{"title": "Sprite Lemon Plus Soft Drink | 600mL", "price": "$3.20", "price_calculation": "$5.33 per 1L", "category": "Drinks"},
{"title": "Lorry Boys Pale Ale Can 375mL | 24 pack", "price": "$42.00", "price_calculation": "$4.67 per 1L", "category": "Liquor"},
{"title": "Ultimates Indulge Whitemeat Tuna With Flaked Salmon | 85g", "price": "$2.00", "price_calculation": "$2.35 per 100g", "category": "Pet"},
{"title": "Coles Beef Curry Puff | 200g", "price": "$5.00", "price_calculation": "$2.50 per 100g", "category": "Frozen"},
{"title": "Daley Street Dark Aluminium Nespresso Compatible Coffee Capsules | 10 pack", "price": "$3.25", "price_calculation": "$0.33 per 1ea", "category": "Drinks"},
{"title": "Wild Turkey & Cola 101 Can 375mL | 10 Pack", "price": "$62.00", "price_calculation": "$16.53 per 1L", "category": "Liquor"},
{"title": "My Dog Chicken Mince With Rice & Carrots Can Puppy Wet Dog Food | 400g", "price": "$2.10", "price_calculation": "$0.53 per 100g", "category": "Pet"},
{"title": "McCain Frozen Healthy Choice Apricot Chicken With Steamed Rice | 350g", "price": "$5.00", "price_calculation": "$1.43 per 100g", "category": "Frozen"},
{"title": "Bundaberg Brewed Diet Ginger Beer | 750mL", "price": "$3.25", "price_calculation": "$4.33 per 1L", "category": "Drinks"},
{"title": "Franco & Rico Malbec 750mL | 1 Each", "price": "$8.00", "price_calculation": "$10.67 per 1L", "category": "Liquor"},
{"title": "Purr Cat Treat Tuna Loin | 30g", "price": "$2.20", "price_calculation": "$7.33 per 100g", "category": "Pet"},
{"title": "Fry's Frozen Gluten Free Nuggets With Rice Protein & Chia | 240g", "price": "$5.20", "price_calculation": "$2.17 per 100g", "category": "Frozen"},
{"title": "Diet Rite Lime Cordial | 1L", "price": "$3.50", "price_calculation": "$3.50 per 1L", "category": "Drinks"},
{"title": "Bundaberg Zero Sugar & Cola Can 375mL | 6 Pack", "price": "$30.00", "price_calculation": "$13.33 per 1L", "category": "Liquor"},
{"title": "Nature's Gift Duck Chicken And Vegetable Dog Food | 700g", "price": "$3.50", "price_calculation": "$0.50 per 100g", "category": "Pet"},
{"title": "Coles Vegan Meat Free Pies 2 Pack | 400g", "price": "$5.60", "price_calculation": "$1.40 per 100g", "category": "Frozen"},
{"title": "Higher Living Organic Tea Peppermint & Licorice | 15 pack", "price": "$3.50", "price_calculation": "$0.23 per 1ea", "category": "Drinks"},
{"title": "Taylors Jaraman Chardonnay 750mL | 1 Each", "price": "$26.00", "price_calculation": "$34.67 per 1L", "category": "Liquor"},
{"title": "Pups In The Pantry Mutt-Ello Choc Biscuits O's Dog Treat | 140g", "price": "$3.50", "price_calculation": "$2.50 per 100g", "category": "Pet"},
{"title": "Super Nature Chicken Pad Thai With Rice Noodles | 350g", "price": "$6.00", "price_calculation": "$1.71 per 100g", "category": "Frozen"},
{"title": "The Juice Lab Wellness Shot Digestion | 60mL", "price": "$3.50", "price_calculation": "$58.34 per 1L", "category": "Drinks"},
{"title": "Carlton Draught Can 375mL | 6 Pack", "price": "$19.00", "price_calculation": null, "category": "Liquor"},
{"title": "Farmers Market Adult Wet Dog Food Chicken Loaf With Carrots and Peas | 400g", "price": "$3.50", "price_calculation": "$0.88 per 100g", "category": "Pet"},
{"title": "Proud & Punch Chocolate Banana Smoothie Pop 6 pack | 450mL", "price": "$6.00", "price_calculation": "$1.33 per 100mL", "category": "Frozen"},
{"title": "Golden Circle Refreshers Wild Waterfall Flavoured Water Drink 250mL | 6 pack", "price": "$3.50", "price_calculation": "$2.33 per 1L", "category": "Drinks"},
{"title": "-196 Double Grape 6% Can 330mL | 10 Pack", "price": "$49.00", "price_calculation": "$14.85 per 1L", "category": "Liquor"},
{"title": "Pedigree Homestyle Pedigree Homestyle Chicken With Rice & Vegies Adult Wet Dog Food Can | 700g", "price": "$3.50", "price_calculation": "$0.50 per 100g", "category": "Pet"},
{"title": "On The Menu Angus Beef Lasagne | 400g", "price": "$6.00", "price_calculation": "$1.50 per 100g", "category": "Frozen"},
{"title": "SPC Pear Natural Juice Can | 850mL", "price": "$3.60", "price_calculation": "$4.24 per 1L", "category": "Drinks"},
{"title": "Paxis Red Blend 750mL | 1 Each", "price": "$20.00", "price_calculation": "$26.67 per 1L", "category": "Liquor"},
{"title": "Coles Beef Basted Rawhide Chews | 100g", "price": "$3.80", "price_calculation": "$3.80 per 100g", "category": "Pet"},
{"title": "Coles Beef & Onion Party Sausage Roll | 450g", "price": "$6.10", "price_calculation": "$1.36 per 100g", "category": "Frozen"},
{"title": "Schweppes Sunkist Soda Syrup  | 300mL", "price": "$3.60", "price_calculation": "$12.00 per 1L", "category": "Drinks"},
{"title": "Pepperjack Chardonnay 750mL | 1 Each", "price": "$25.00", "price_calculation": "$33.33 per 1L", "category": "Liquor"},
{"title": "Vitapet Duck Wrapped Rawhide Sticks Dog Treat | 5 pack", "price": "$4.10", "price_calculation": "$0.82 per 1ea", "category": "Pet"},
{"title": "Magnum Ice Cream Dairy Free Classic 3Pack | 270mL", "price": "$6.50", "price_calculation": "$2.41 per 100mL", "category": "Frozen"},
{"title": "Emma & Tom's Lemon Quencher Chilled | 450mL", "price": "$3.90", "price_calculation": "$8.67 per 1L", "category": "Drinks"},
{"title": "Ouzo 12 Ouzo 700mL | 1 Each", "price": "$44.00", "price_calculation": "$62.86 per 1L", "category": "Liquor"},
{"title": "Nature's Gift Adult All Breeds Wet Dog Food Loaf Chicken Rice & Vegetables | 1.2kg", "price": "$4.50", "price_calculation": "$0.38 per 100g", "category": "Pet"},
{"title": "Chiko Frozen Original Rolls 4 pack  | 650g", "price": "$6.70", "price_calculation": "$1.03 per 100g", "category": "Frozen"},
{"title": "Coles Fair Trade Organic Drinking Chocolate Powder | 225g", "price": "$4.00", "price_calculation": "$1.78 per 100g", "category": "Drinks"},
{"title": "Cointreau Liqueur 700mL | 1 Each", "price": "$68.00", "price_calculation": "$97.14 per 1L", "category": "Liquor"},
{"title": "Dine Fresh And Fine Chunks In Gravy With Chicken And Turkey Cat Food Pouch 6x50g | 6 pack", "price": "$5.00", "price_calculation": "$1.67 per 100g", "category": "Pet"},
{"title": "On The Menu Frozen Roast Chicken | 320g", "price": "$7.00", "price_calculation": "$2.19 per 100g", "category": "Frozen"},
{"title": "Lo Bros Organic Lemon Lime and Bitters Soda Chilled | 330mL", "price": "$4.00", "price_calculation": "$12.12 per 1L", "category": "Drinks"},
{"title": "Byron Bay Lager Bottle 355mL | 24 Pack", "price": "$55.00", "price_calculation": "$6.47 per 1L", "category": "Liquor"},
{"title": "Fancy Feast Adult Salmon & Oceanfish Cat Food | 450g", "price": "$5.50", "price_calculation": "$1.22 per 100g", "category": "Pet"},
{"title": "Birds Eye Plant Based Lamb Strips | 200g", "price": "$7.30", "price_calculation": "$36.50 per 1kg", "category": "Frozen"},
{"title": "Lo Bros Kombucha Pineapple Lime | 330mL", "price": "$4.00", "price_calculation": "$12.12 per 1L", "category": "Drinks"},
{"title": "Taylors One Giant Leap Shiraz 750mL | 1 Each", "price": "$20.00", "price_calculation": "$26.67 per 1L", "category": "Liquor"},
{"title": "Purr Singles Cat Food Seafood Selection 6x85g | 6 pack", "price": "$5.70", "price_calculation": "$1.12 per 100g", "category": "Pet"},
{"title": "Hanabi Frozen Udon Noodles | 1.2kg", "price": "$8.00", "price_calculation": "$0.67 per 100g", "category": "Frozen"},
{"title": "Dilmah Inspirations Rooibos Cinnamon Turmeric Ginger & Nutmeg Tea Bags | 20 pack", "price": "$4.30", "price_calculation": "$0.22 per 1ea", "category": "Drinks"},
{"title": "Spill Easy Going Lager Can 375mL | 6 Pack", "price": "$15.00", "price_calculation": "$6.67 per 1L", "category": "Liquor"},
{"title": "Bow Wow Super Snacks Vita Shape Filled Biscuits Multigrain Bones Dog Treats | 500g", "price": "$6.00", "price_calculation": "$1.20 per 100g", "category": "Pet"},
{"title": "FroPro Protein Chipotle Chicken Burrito | 245g", "price": "$8.00", "price_calculation": "$3.27 per 100g", "category": "Frozen"},
{"title": "Red Seal Variety Pack Hot Or Cold Brew Tea | 20 pack", "price": "$4.50", "price_calculation": "$0.23 per 1ea", "category": "Drinks"},
{"title": "Toki Suntory  Blended Japanese Whisky 700mL | 1 Each", "price": "$67.00", "price_calculation": "$95.72 per 1L", "category": "Liquor"},
{"title": "Prime Pantry Jerky Dog Treat Kangaroo | 100g", "price": "$6.80", "price_calculation": "$6.80 per 100g", "category": "Pet"},
{"title": "Herbert Adams Frozen Gourmet Chunky Sous Vide Beef & Button Mushroom Pies 2 pack | 400g", "price": "$9.00", "price_calculation": "$2.25 per 100g", "category": "Frozen"},
{"title": "Lo Bros Kombucha Passionfruit | 750mL", "price": "$5.00", "price_calculation": "$6.67 per 1L", "category": "Drinks"},
{"title": "Oyster Bay Rose 750mL | 1 Each", "price": "$23.00", "price_calculation": "$30.67 per 1L", "category": "Liquor"},
{"title": "Vitapet Chicken Wrapped Rawhide Dog Chews | 1 pack", "price": "$7.60", "price_calculation": "$7.60 per 1ea", "category": "Pet"},
{"title": "Birds Eye Frozen Steam Fresh Fish Fillets With Parsley & Citrus Sauce 2 Pack | 380g", "price": "$9.00", "price_calculation": "$23.68 per 1kg", "category": "Frozen"},
{"title": "Vessel Still Spring Water | 750mL", "price": "$5.10", "price_calculation": "$6.80 per 1L", "category": "Drinks"},
{"title": "Mountain Culture Status Quo Pale Ale Can 355mL | 4 Pack", "price": "$23.00", "price_calculation": "$16.20 per 1L", "category": "Liquor"},
{"title": "Woofin Good Peanut Butter Flavour Dog Treat Biscuits | 800g", "price": "$8.00", "price_calculation": "$1.00 per 100g", "category": "Pet"},
{"title": "Connoisseur Plant Based Hazelnut Chocolate | 1L", "price": "$9.00", "price_calculation": "$0.90 per 100mL", "category": "Frozen"},
{"title": "Madura Earl Grey Tea Bags 50 pack | 100g", "price": "$5.45", "price_calculation": "$0.11 per 1ea", "category": "Drinks"},
{"title": "Smithy's Gold Block Can 375mL | 30 Pack", "price": "$43.00", "price_calculation": "$3.82 per 1L", "category": "Liquor"},
{"title": "Vitapet Chewz Chicken Rolls Dog Treat | 2 pack", "price": "$8.30", "price_calculation": "$4.15 per 1ea", "category": "Pet"},
{"title": "I&J Frozen Tasty Lightly Crumbed Calamari Rings | 400g", "price": "$9.00", "price_calculation": "$22.50 per 1kg", "category": "Frozen"},
{"title": "Campbell's V8 Low Sodium Juice | 1.25L", "price": "$5.50", "price_calculation": "$4.40 per 1L", "category": "Drinks"},
{"title": "Grey Goose Vodka 1L | 1 Each", "price": "$92.00", "price_calculation": "$92.00 per 1L", "category": "Liquor"},
{"title": "Rufus & Coco Do Good Cat Litter | 4L", "price": "$12.00", "price_calculation": "$3.00 per 1L", "category": "Pet"},
{"title": "McCain Pub Size Chicken Kiev | 480g", "price": "$9.50", "price_calculation": "$1.98 per 100g", "category": "Frozen"},
{"title": "L'OR Espresso Decaffeinato Ristretto Intensity 9 Coffee Capsules 52g | 10 pack", "price": "$5.50", "price_calculation": "$0.55 per 1ea", "category": "Drinks"},
{"title": "Buffalo Trace Kentucky Straight Bourbon Whiskey 700mL | 1 Each", "price": "$58.00", "price_calculation": "$82.86 per 1L", "category": "Liquor"},
{"title": "Coles Adult Dry Dog Food With Beef | 8kg", "price": "$13.00", "price_calculation": "$0.16 per 100g", "category": "Pet"},
{"title": "Connoisseur Ice Cream Salted Caramel 4 Pack | 400mL", "price": "$9.50", "price_calculation": "$2.38 per 100mL", "category": "Frozen"},
{"title": "Impressed Cold Pressed Raspberry Beret Juice | 1L", "price": "$5.50", "price_calculation": "$5.50 per 1L", "category": "Drinks"},
{"title": "Wild Turkey Kentucky Straight Bourbon Whiskey 700mL | 1 Each", "price": "$59.00", "price_calculation": "$84.29 per 1L", "category": "Liquor"},
{"title": "Whiskas So Meaty 1+ Years Wet Cat Food Poultry Dishes 85g Pouch | 12 pack", "price": "$13.50", "price_calculation": "$1.32 per 100g", "category": "Pet"},
{"title": "Weis Ice Cream Mini Bars Mango 6 Pack | 264mL", "price": "$9.50", "price_calculation": "$3.60 per 100mL", "category": "Frozen"},
{"title": "Campbell's V8 Healthy Apple Juice | 1.25L", "price": "$5.50", "price_calculation": "$4.40 per 1L", "category": "Drinks"},
{"title": "Brewmanity Slider Cold XPA Can 375mL | 4 Pack", "price": "$20.00", "price_calculation": "$13.33 per 1L", "category": "Liquor"},
{"title": "Pedigree Dentastix Small Dog Treats Daily Oral Care Dental Chews | 28 pack", "price": "$15.50", "price_calculation": "$0.55 per 1ea", "category": "Pet"},
{"title": "Bulla Murray St Hazelnut Fudge 4 Pack | 400mL", "price": "$10.00", "price_calculation": "$2.50 per 100mL", "category": "Frozen"},
{"title": "Golden Circle 100% No Added Sugar Apple And Mango Juice | 3L", "price": "$5.50", "price_calculation": "$1.83 per 1L", "category": "Drinks"},
{"title": "Annie's Lane Clare Valley Riesling 750mL | 1 Each", "price": "$14.00", "price_calculation": "$18.67 per 1L", "category": "Liquor"},
{"title": "Schmackos Strapz Dog Treat Beef Chicken And Liver Variety Pack | 500g", "price": "$16.00", "price_calculation": "$3.20 per 100g", "category": "Pet"},
{"title": "McCain Pub Size Loaded Parma BBQ Meatlovers | 480g", "price": "$10.00", "price_calculation": "$2.08 per 100g", "category": "Frozen"},
{"title": "Sodastream Zeros Orange Mango Water | 440mL", "price": "$6.00", "price_calculation": "$13.64 per 1L", "category": "Drinks"},
{"title": "Woodstock Bourbon & Cola 10% Cans 200mL | 10 Pack", "price": "$54.00", "price_calculation": "$27.00 per 1L", "category": "Liquor"},
{"title": "Greenies Original Dog Treat Petite | 170g", "price": "$18.00", "price_calculation": "$10.59 per 100g", "category": "Pet"},
{"title": "KB's Seafood Thawed Barramundi Portions | 260g", "price": "$10.00", "price_calculation": "$38.46 per 1kg", "category": "Frozen"},
{"title": "Queen Victoria English Breakfast Loose Leaf Tea | 125g", "price": "$6.00", "price_calculation": "$4.80 per 100g", "category": "Drinks"},
{"title": "Winesmiths Premium Selection Chardonnay Cask 2 Litre | 1 Each", "price": null, "price_calculation": null, "category": "Liquor"},
{"title": "Elevate Adult Cat Chicken Chunks With Carrot & Pumpkin In Gravy 12X85g | 12 pack", "price": "$21.00", "price_calculation": "$2.06 per 100g", "category": "Pet"},
{"title": "Coopers Ultra Light 6X375mL | 6 pack", "price": "$8.00", "price_calculation": "$3.56 per 1L", "category": "Liquor"},
{"title": "Supercoat Adult Healthy Weight With Chicken Dry Dog Food | 6.7kg", "price": "$28.00", "price_calculation": "$0.42 per 100g", "category": "Pet"},
{"title": "Sheep Dog Peanut Butter Whiskey 200mL | 1 Each", "price": "$16.00", "price_calculation": "$80.00 per 1L", "category": "Liquor"},
{"title": "Pet Treat Bar Healthy Gut Dog Biscuits | approx 100g", "price": "$6.00", "price_calculation": "$60.00 per 1kg", "category": "Pet"},
{"title": "Barossa Valley Wine Co. Gravel Track GSM 750mL | 1 Each", "price": "$18.00", "price_calculation": null, "category": "Liquor"},
{"title": "Pet Treat Bar Carob Chip Cookies | approx 100g", "price": "$6.00", "price_calculation": "$60.00 per 1kg", "category": "Pet"},
{"title": "Tanqueray Gin 1L | 1 Each", "price": "$76.00", "price_calculation": "$76.00 per 1L", "category": "Liquor"},
{"title": "Dine Classic Collection Pouch Beef In Gravy Cat Food | 85g", "price": "$1.50", "price_calculation": "$1.76 per 100g", "category": "Pet"},
{"title": "Jack Daniels & No Sugar Cola Can 375mL | 4 Pack", "price": "$26.00", "price_calculation": "$17.33 per 1L", "category": "Liquor"},
{"title": "Dine Pulled Menu Chicken Cat Food | 85g", "price": "$1.60", "price_calculation": "$1.88 per 100g", "category": "Pet"},
{"title": "Yellow Tail Pinot Noir 750mL | 1 Each", "price": "$10.00", "price_calculation": "$13.33 per 1L", "category": "Liquor"},
{"title": "My Dog Food Classic Loaf With Tender Chicken Adult Wet Dog | 100g", "price": "$1.70", "price_calculation": "$1.70 per 100g", "category": "Pet"},
{"title": "Ultimates Indulge Tuna With Shredded Chicken Breast & Prawns Adult Cat Food | 85g", "price": "$2.00", "price_calculation": "$2.35 per 100g", "category": "Pet"},
{"title": "Applaws Cat Food Pouch Tuna Wholemeat In Jelly | 70g", "price": "$2.20", "price_calculation": "$3.14 per 100g", "category": "Pet"},
{"title": "Coles Dog Food Casserole Chicken Rice & Vegetables | 700g", "price": "$2.25", "price_calculation": "$0.32 per 100g", "category": "Pet"},
{"title": "Glade Aromatherapy Diffuser Lavender & Sandalwood | 1 pack", "price": "$20.00", "price_calculation": "$20.00 per 1ea", "category": "Household"},
{"title": "Fancy Feast Royale Whitemeat Tuna Cat Food | 85g", "price": "$2.30", "price_calculation": "$2.71 per 100g", "category": "Pet"},
{"title": "Hot Topic Licensed Stainless Steel Bottle 1 | 500mL", "price": "$20.00", "price_calculation": "$4.00 per 100mL", "category": "Household"},
{"title": "Fussy Cat Twice As Tasty Cat Food Pate & Pieces Chicken With Kangaroo | 70g", "price": "$2.50", "price_calculation": "$3.57 per 100g", "category": "Pet"},
{"title": "Hot Topic Licensed Stainless Steel Bottle 2 500mL | 1 each", "price": "$20.00", "price_calculation": "$20.00 per 1ea", "category": "Household"},
{"title": "Ultimates Beef Mince In Gravy Dog Food | 400g", "price": "$2.90", "price_calculation": "$0.73 per 100g", "category": "Pet"},
{"title": "Cook & Dine Champagne Flutes | 4 pack", "price": "$20.00", "price_calculation": "$5.00 per 1ea", "category": "Household"},
{"title": "Ultimates Chicken Mince In Gravy Dog Food | 400g", "price": "$2.90", "price_calculation": "$0.73 per 100g", "category": "Pet"},
{"title": "Clio Fashion Midi Brief Assorted 14/16 | 3 pack", "price": "$20.00", "price_calculation": "$6.67 per 1ea", "category": "Household"},
{"title": "NRG 25W Car Charger USB-C & A | 1 each", "price": "$20.00", "price_calculation": "$20.00 per 1ea", "category": "Household"},
{"title": "Fairy 30 Minute Miracle Clean Deep Clean | 22 pack", "price": "$20.50", "price_calculation": "$0.93 per 1ea", "category": "Household"},
{"title": "CLR Oil & Grease Remover | 750mL", "price": "$20.95", "price_calculation": "$2.79 per 100mL", "category": "Household"},
{"title": "Energizer USB C Cable Black 1.2M | 1 Pack", "price": "$21.00", "price_calculation": "$21.00 per 1ea", "category": "Household"},
{"title": "Duracell 150 Lumen Aluminium Flashlight 2 AA | 1 each", "price": "$21.00", "price_calculation": "$21.00 per 1ea", "category": "Household"},
{"title": "Zak Acrylic Liquid Cube 540mL | 1 each", "price": "$21.00", "price_calculation": "$21.00 per 1ea", "category": "Household"},
{"title": "Air Wick Vanilla & Cashmere Essential Oil Fragmatic Spray | 174g", "price": "$22.00", "price_calculation": "$22.00 per 1ea", "category": "Household"},
{"title": "Smash Blue Stainless Steel Food Flask 500mL | 1 each", "price": "$22.00", "price_calculation": "$22.00 per 1ea", "category": "Household"},
{"title": "Culinare Garlic Press | 1 each", "price": "$22.00", "price_calculation": null, "category": "Household"},
{"title": "Smash Leak Proof Bento Switch Up | 1 each", "price": "$22.00", "price_calculation": "$22.00 per 1ea", "category": "Household"},
{"title": "Seiki Everyday Toaster | 1 each", "price": "$22.00", "price_calculation": "$22.00 per 1ea", "category": "Household"},
{"title": "Seiki Everyday Kettle 1.7L | 1 pack", "price": "$22.00", "price_calculation": "$22.00 per 1ea", "category": "Household"},
{"title": "Seiki Stick Mixer | 1 each", "price": "$22.00", "price_calculation": "$22.00 per 1ea", "category": "Household"},
{"title": "Tradie Mens Trunks Medium | 3 pack", "price": "$22.00", "price_calculation": "$7.33 per 1ea", "category": "Household"},
{"title": "Moki Go Lightning To USB Syncharge Cable Pink 1.2M | 1 each", "price": "$22.00", "price_calculation": "$22.00 per 1ea", "category": "Household"},
{"title": "Moki Go Lightning To USB Syncharge Cable 1.2M (Mfi) | 1 each", "price": "$22.00", "price_calculation": "$22.00 per 1ea", "category": "Household"},
{"title": "Asena Wired Keyboard | 1 each", "price": "$22.00", "price_calculation": "$22.00 per 1ea", "category": "Household"},
{"title": "Tradie Mens Bamboo Fitted Trunk Size L /XL | 3 pack", "price": "$22.00", "price_calculation": "$7.33 per 1ea", "category": "Household"},
{"title": "Mortein Naturgard Bomb 3x90g | 270g", "price": "$22.50", "price_calculation": "$8.33 per 100g", "category": "Household"},
{"title": "Sistema Double Wall Stainless Steel Bottle | 500mL", "price": "$22.75", "price_calculation": "$4.55 per 100mL", "category": "Household"},
{"title": "Energizer iPhone Cable White 1.2M | 1 pack", "price": "$23.00", "price_calculation": "$23.00 per 1ea", "category": "Household"},
{"title": "Beyblades Quad Strike Starter Pack Ast | 1 each", "price": "$23.00", "price_calculation": "$23.00 per 1ea", "category": "Household"},
{"title": "Ion Laundry Liquid Concentrate Colours | 2L", "price": "$24.00", "price_calculation": "$12.00 per 1L", "category": "Household"},
{"title": "Armor All Original Protectant | 500mL", "price": "$24.00", "price_calculation": "$24.00 per 1ea", "category": "Household"},
{"title": "Sistema Ultra Container 4L | 1 each", "price": "$25.00", "price_calculation": "$25.00 per 1ea", "category": "Household"},
{"title": "Curtis Stone Double Serrated Utility Knife | 1 each", "price": "$25.00", "price_calculation": "$25.00 per 1ea", "category": "Household"},
{"title": "Seiki Hand Mixer | 1 each", "price": "$25.00", "price_calculation": "$25.00 per 1ea", "category": "Household"},
{"title": "Coles 4 Outlets 5M Cassette Reel | 1 each", "price": null, "price_calculation": null, "category": "Household"},
{"title": "OMO 3 In 1 Laundry Capsules Active | 28 pack", "price": "$26.00", "price_calculation": "$0.93 per 1ea", "category": "Household"},
{"title": "OMO 3 In 1 Laundry Capsules Odour | 28 pack", "price": "$26.00", "price_calculation": "$0.93 per 1ea", "category": "Household"},
{"title": "Smash Blue Stainless Steel Barista Cup | 350mL", "price": "$26.00", "price_calculation": "$7.43 per 100mL", "category": "Household"},
{"title": "OMO F&T Liquid Sunset Dream | 2L", "price": "$26.00", "price_calculation": "$13.00 per 1L", "category": "Household"},
{"title": "Urbanworx A3 Laminator | 1 each", "price": "$27.99", "price_calculation": "$27.99 per 1ea", "category": "Household"},
{"title": "Scholl Gel Activ Work Women | 1 each", "price": "$30.00", "price_calculation": null, "category": "Household"},
{"title": "Scholl Gel Activ Everyday Men | 1 each", "price": "$30.00", "price_calculation": null, "category": "Household"},
{"title": "NRG Wall Charger 2XUSB-C | 1 pack", "price": "$30.00", "price_calculation": "$30.00 per 1ea", "category": "Household"},
{"title": "NRG Wired Earphone With Microphone Lightning | 1 each", "price": "$30.00", "price_calculation": "$30.00 per 1ea", "category": "Household"},
{"title": "NRG Over Ear Bluetooth Headphone | 1 each", "price": "$30.00", "price_calculation": "$30.00 per 1ea", "category": "Household"},
{"title": "Barbie Colour Reveal | 1 each", "price": "$30.50", "price_calculation": null, "category": "Household"},
{"title": "Energizer iPhone Cable White 2M | 1 Pack", "price": "$31.00", "price_calculation": "$31.00 per 1ea", "category": "Household"},
{"title": "Energizer iPhone To USB C 2M | 1 each", "price": "$32.00", "price_calculation": "$32.00 per 1ea", "category": "Household"},
{"title": "Curtis Stone Saucepan 14cm | 1 each", "price": "$32.00", "price_calculation": "$32.00 per 1ea", "category": "Household"},
{"title": "Crest Power Hub 2 Socket 3 USB | 1 pack", "price": "$32.00", "price_calculation": "$32.00 per 1ea", "category": "Household"},
{"title": "Coles Entertaining Mini Chicken Teriyaki Kebabs | 375g", "price": null, "price_calculation": null, "category": "Meat & Seafood"},
{"title": "Steggles Turkey Breast Mince | 400g", "price": "$10.00", "price_calculation": "$25.00 per 1kg", "category": "Meat & Seafood"},
{"title": "Coles RSPCA Approved Chicken Boneless Roast With Apricot & Herb Stuffing | 1kg", "price": "$12.50", "price_calculation": "$12.50 per 1kg", "category": "Meat & Seafood"},
{"title": "Coles Deli RSPCA Approved Chicken Tenderloins Thai | approx 180g", "price": "$2.97", "price_calculation": "$16.50 per 1kg", "category": "Meat & Seafood"},
{"title": "Coles Beef Porterhouse Thin Cut | 440g", "price": "$19.00", "price_calculation": "$43.18 per 1kg", "category": "Meat & Seafood"},
{"title": "Coles Lamb Leg Butterflied With Rosemary & Garlic Marinade | approx 1kg", "price": "$24.00", "price_calculation": "$24.00 per 1kg", "category": "Meat & Seafood"},
{"title": "Coles No Added Hormone Beef Rib Eye Steak | approx 383g", "price": "$14.94", "price_calculation": "$39.00 per 1kg", "category": "Meat & Seafood"},
{"title": "Coles Deli Thawed Squid Tubes | approx 250g", "price": "$4.50", "price_calculation": "$18.00 per 1kg", "category": "Meat & Seafood"},
{"title": "Small Batch Free Range Sticky Pork And Garlic Premium Sausages | 450g", "price": "$8.00", "price_calculation": "$17.78 per 1kg", "category": "Meat & Seafood"},
{"title": "Inglewood Farms Free Range Organic Chicken Drumsticks | approx 420g", "price": "$4.62", "price_calculation": "$11.00 per 1kg", "category": "Meat & Seafood"},
{"title": "Lilydale Butterflied Boneless Chicken Jamacian Jerk | approx 1.35kg", "price": "$18.23", "price_calculation": "$13.50 per 1kg", "category": "Meat & Seafood"},
{"title": "Cleaver's Beef Stir Fry Free Range Organic                                                                                                 | approx 500g", "price": "$17.75", "price_calculation": "$35.50 per 1kg", "category": "Meat & Seafood"},
{"title": "Coles Thawed Half Shell Scallops Large | 1 each", "price": "$2.40", "price_calculation": "$2.40 per 1ea", "category": "Meat & Seafood"},
{"title": "Coles Deli RSPCA Approved Chicken Nibbles Chilli Sriracha | approx 500g", "price": "$3.75", "price_calculation": "$7.50 per 1kg", "category": "Meat & Seafood"},
{"title": "Three Aussie Farmers Classic Aussie Banger Beef & Pork Sausage | 450g", "price": "$8.00", "price_calculation": "$17.78 per 1kg", "category": "Meat & Seafood"},
{"title": "Regal New Zealand King Salmon Manuka Wood Smoked Slices | 100g", "price": "$10.50", "price_calculation": "$105.00 per 1kg", "category": "Meat & Seafood"},
{"title": "Coles Made Easy Moroccan Lamb Filo Rolls With Fetta & Pumpkin | 400g", "price": "$12.00", "price_calculation": "$30.00 per 1kg", "category": "Meat & Seafood"},
{"title": "British Sausage Co. Beef Eater Sausage | 1kg", "price": "$12.00", "price_calculation": "$12.00 per 1kg", "category": "Meat & Seafood"},
{"title": "Coles Made Easy Slow Cooked Pork Shoulder With Apple & BBQ Sauce | 480g", "price": "$12.50", "price_calculation": "$26.04 per 1kg", "category": "Meat & Seafood"},
{"title": "Drovers Choice No Added Hormone Beef Blade Steak | approx 1.2kg", "price": "$20.40", "price_calculation": "$17.00 per 1kg", "category": "Meat & Seafood"},
{"title": "Coles Deli Thawed Prawn Skewers Garlic | 5 pack", "price": "$6.25", "price_calculation": "$1.25 per 1ea", "category": "Meat & Seafood"},
{"title": "Small Batch Angus Beef And Ale Red Caramelised Onion Premium Sausages | 450g", "price": "$8.00", "price_calculation": "$17.78 per 1kg", "category": "Meat & Seafood"},
{"title": "Coles Finest Pork Sage And Black Pepper Sausages | 500g", "price": "$8.00", "price_calculation": "$16.00 per 1kg", "category": "Meat & Seafood"},
{"title": "Coles Fresh Whole Duck | approx 2.1kg", "price": null, "price_calculation": null, "category": "Meat & Seafood"},
{"title": "Coles Beef Roast & Onion Garlic & Red Wine Rub | approx 1.2kg", "price": "$20.40", "price_calculation": "$17.00 per 1kg", "category": "Meat & Seafood"},
{"title": "Coles Deli Fresh Tasmanian Salmon Portions Chilli & Lime | approx 250g", "price": "$9.00", "price_calculation": "$36.00 per 1kg", "category": "Meat & Seafood"},
{"title": "Ocean Blue Surimi Sea Sticks | 150g", "price": "$5.50", "price_calculation": "$36.67 per 1kg", "category": "Meat & Seafood"},
{"title": "Ocean King Black Lumpfish Caviar | 50g", "price": "$5.50", "price_calculation": "$110.00 per 1kg", "category": "Meat & Seafood"},
{"title": "Coles Beef Rissoles | 440g", "price": "$6.50", "price_calculation": "$14.77 per 1kg", "category": "Meat & Seafood"},
{"title": "Coles No Added Hormone Beef Bones | approx 950g", "price": "$6.65", "price_calculation": "$7.00 per 1kg", "category": "Meat & Seafood"},
{"title": "Coles Slow Cooked Pulled Beef | 250g", "price": "$8.30", "price_calculation": "$33.20 per 1kg", "category": "Meat & Seafood"},
{"title": "Coles Made Easy Beef Puff Pastry Parcels In Red Wine Sauce | 350g", "price": "$9.00", "price_calculation": "$25.72 per 1kg", "category": "Meat & Seafood"},
{"title": "Huon Premium Cold Smoked Salmon | 100g", "price": "$10.50", "price_calculation": "$105.00 per 1kg", "category": "Meat & Seafood"},
{"title": "Moira Mac's Turkey Breast Portion  | 500g", "price": "$11.00", "price_calculation": "$22.00 per 1kg", "category": "Meat & Seafood"},
{"title": "Coles BBQ Pack | 1kg", "price": "$11.00", "price_calculation": "$11.00 per 1kg", "category": "Meat & Seafood"},
{"title": "Coles Made Easy Slow Cooked Pork & Beef Meatballs In Tomato Sauce | 800g", "price": "$12.00", "price_calculation": "$15.00 per 1kg", "category": "Meat & Seafood"},
{"title": "Coles Organic Beef Mince | 500g", "price": "$12.00", "price_calculation": "$24.00 per 1kg", "category": "Meat & Seafood"},
{"title": "Redwin Sports Aluminium Free Deodorant Pump | 150mL", "price": "$2.92", "price_calculation": "$1.95 per 100mL", "category": "Health & Beauty"},
{"title": "Caredent Eeziflossers Eco Plus 30 Pack | 30 pack", "price": "$2.97", "price_calculation": "$0.10 per 1ea", "category": "Health & Beauty"},
{"title": "Oral-B All Rounder Fresh Clean Soft Manual Toothbrush | 1 pack", "price": "$3.00", "price_calculation": "$3.00 per 1ea", "category": "Health & Beauty"},
{"title": "Coles Triple Blade Women Disposable Razors | 4 pack", "price": "$3.00", "price_calculation": "$0.75 per 1ea", "category": "Health & Beauty"},
{"title": "Norsca Forest Fresh Deodorant Pump | 150mL", "price": "$3.40", "price_calculation": "$2.27 per 100mL", "category": "Health & Beauty"},
{"title": "Bic Twin Blade Disposable Razors for Sensitive Skin | 10 pack", "price": "$3.50", "price_calculation": "$0.35 per 1ea", "category": "Health & Beauty"},
{"title": "Nivea Repair & Protect Moisturising Lip Balm + SPF15 | 4.8g", "price": "$3.50", "price_calculation": "$72.92 per 100g", "category": "Health & Beauty"},
{"title": "Nivea Men Invisible Black & White Fresh Roll On Antiperspirant Deodorant | 50mL", "price": "$3.69", "price_calculation": "$7.38 per 100mL", "category": "Health & Beauty"},
{"title": "OC Naturals Normal Balance Conditioner | 400mL", "price": "$3.70", "price_calculation": "$0.93 per 100mL", "category": "Health & Beauty"},
{"title": "Coles Tampons Super | 32 pack", "price": "$3.75", "price_calculation": "$0.12 per 1ea", "category": "Health & Beauty"},
{"title": "Australian Botanical Bar Soap Goat Milk & Soya Bean Oil | 200g", "price": "$4.00", "price_calculation": "$2.00 per 100g", "category": "Health & Beauty"},
{"title": "Coles Multi Angle Soft Toothbrushes | 6 pack", "price": "$4.00", "price_calculation": "$0.67 per 1ea", "category": "Health & Beauty"},
{"title": "Bic Soleil Twilight Lavender Razor | 4 pack", "price": "$4.34", "price_calculation": "$1.09 per 1ea", "category": "Health & Beauty"},
{"title": "Elastoplast Extra Tough Waterproof Strips | 16 pack", "price": "$4.40", "price_calculation": "$0.28 per 1ea", "category": "Health & Beauty"},
{"title": "Schick Xtreme 3 Disposable Razors for Women | 4 pack", "price": "$4.40", "price_calculation": "$1.10 per 1ea", "category": "Health & Beauty"},
{"title": "Tena Insta Dry Long length Incontinence Pad | 8 pack", "price": "$4.41", "price_calculation": "$0.55 per 1ea", "category": "Health & Beauty"},
{"title": "Tena Extra Standard Length Incontinence Pads | 12 pack", "price": "$4.41", "price_calculation": "$0.37 per 1ea", "category": "Health & Beauty"},
{"title": "David Beckham  Classic Blue Man Deodorant Spray | 150mL", "price": "$4.50", "price_calculation": "$3.00 per 100mL", "category": "Health & Beauty"},
{"title": "Rexona Men Original Roll On Deodorant | 50mL", "price": "$4.50", "price_calculation": "$9.00 per 100mL", "category": "Health & Beauty"},
{"title": "Bic Single Blade Disposable Razors for Sensitive Skin | 10 pack", "price": "$4.50", "price_calculation": "$0.45 per 1ea", "category": "Health & Beauty"},
{"title": "Oral B 3D White Luxe Perfection | 95g", "price": "$4.75", "price_calculation": "$5.00 per 100g", "category": "Health & Beauty"},
{"title": "Vaseline Intensive Care Hand & Nail Lotion | 75mL", "price": "$4.80", "price_calculation": "$6.40 per 100mL", "category": "Health & Beauty"},
{"title": "Carmex Original Lip Balm Squeeze Tube | 10g", "price": "$4.80", "price_calculation": "$48.00 per 100g", "category": "Health & Beauty"},
{"title": "Carefree Original Unscented Panty Liners | 30 pack", "price": "$5.00", "price_calculation": "$0.17 per 1ea", "category": "Health & Beauty"},
{"title": "Dove Men Fresh Clean 2 in 1 Hair Shampoo | 300mL", "price": "$5.50", "price_calculation": "$1.83 per 100mL", "category": "Health & Beauty"},
{"title": "Dove Men+Care Shampoo Daily Deep Clean 2 in 1 | 300mL", "price": "$5.50", "price_calculation": "$1.83 per 100mL", "category": "Health & Beauty"},
{"title": "Elastoplast Heavy Fabric Extra Large Strips | 10 pack", "price": "$5.50", "price_calculation": "$0.55 per 1ea", "category": "Health & Beauty"},
{"title": "Dettol Anti-Bacterial Liquid Handwash Grapefruit | 500mL", "price": "$5.50", "price_calculation": "$1.10 per 100mL", "category": "Health & Beauty"},
{"title": "Palmolive Naturals Active Nourishment Shampoo | 350mL", "price": "$6.00", "price_calculation": "$1.71 per 100mL", "category": "Health & Beauty"},
{"title": "Rexona Men's Antiperspirant Aerosol Deodorant Quantum | 250mL", "price": "$6.00", "price_calculation": "$2.40 per 100mL", "category": "Health & Beauty"},
{"title": "Libra Super Tampons | 32 pack", "price": "$6.30", "price_calculation": "$0.20 per 1ea", "category": "Health & Beauty"},
{"title": "LifeStyles  Silky Smooth Lubricant  | 100g", "price": "$6.30", "price_calculation": "$6.30 per 100g", "category": "Health & Beauty"},
{"title": "OC Naturals Dry Nourish Conditioner | 725mL", "price": "$6.40", "price_calculation": "$0.88 per 100mL", "category": "Health & Beauty"},
{"title": "Libra Ultra Thin Super Pads With Wings | 18 pack", "price": "$6.40", "price_calculation": "$0.36 per 1ea", "category": "Health & Beauty"},
{"title": "Durex Regular Condoms Original | 10 pack", "price": "$6.50", "price_calculation": "$0.65 per 1ea", "category": "Health & Beauty"},
{"title": "Quick Eze Chewy Fast Acting Heartburn And Indigestion Tablets | 3 pack", "price": "$6.80", "price_calculation": "$2.27 per 1ea", "category": "Health & Beauty"},
{"title": "Panadol Children's Chewable  7+ Years | 12 Pack", "price": "$6.85", "price_calculation": "$0.57 per 1ea", "category": "Health & Beauty"},
{"title": "L'Oreal Men Expert Thermic Resist Deodorant | 250mL", "price": "$7.00", "price_calculation": "$2.80 per 100mL", "category": "Health & Beauty"},
{"title": "Ural Sugar Free 20 Effervescent Powder Sachets | 1 pack", "price": "$7.60", "price_calculation": "$7.60 per 1ea", "category": "Health & Beauty"},
{"title": "Vicks VapoRub Ointment Decongestant Chest Rub | 50g", "price": "$8.00", "price_calculation": "$16.00 per 100g", "category": "Health & Beauty"},
{"title": "Rexona Clinical Protection Summer Strength Antiperspirant Roll On | 50mL", "price": "$8.00", "price_calculation": "$16.00 per 100mL", "category": "Health & Beauty"},
{"title": "Lynx Women Aerosol Anarchy Deodorant | 165mL", "price": "$8.00", "price_calculation": "$4.85 per 100mL", "category": "Health & Beauty"},
{"title": "Lynx Aerosol Africa Antiperspirant | 165mL", "price": "$8.00", "price_calculation": "$4.85 per 100mL", "category": "Health & Beauty"},
{"title": "Clearwipe Lens Cleaner | 60 pack", "price": "$8.50", "price_calculation": "$0.14 per 1ea", "category": "Health & Beauty"},
{"title": "Dove Nourshing Secret Anitperspirant Lavender Rose Water | 220mL", "price": "$8.50", "price_calculation": "$3.86 per 100mL", "category": "Health & Beauty"},
{"title": "Bosisto's Eucalyptus Spray | 200g", "price": "$8.50", "price_calculation": "$4.25 per 100g", "category": "Health & Beauty"}
]}